2864 4598
635 441 811 485 nrrs'ronm.
906 406 909 413 ¹
1157 430 1197 486 58

243 588 379 651 infirmis
406 587 592 671 hujusmodi
622 588 798 650 molestiam
824 587 952 662 inferre,
974 587 1008 650 id
1038 586 1145 651 videat
1166 600 1198 651 et

241 689 407 772 provideat
421 701 534 754 vestrae
550 690 729 754 sanctitatis
750 688 933 773 prudentia,
952 690 1044 774 cujus
1066 691 1199 754 interest

241 804 273 854 et
295 813 387 855 suam
407 792 494 876 apud
510 793 618 855 Deum
642 791 874 854 conscientiam
890 802 923 855 et
940 792 1028 875 apud
1049 792 1198 856 homiues

240 892 356 956 famam
372 914 558 956 conservare
573 895 717 956 illaesam.
763 893 864 956 Plane
879 914 939 956 nec
960 893 994 956 id
1013 894 1197 975 ignoramus

241 993 298 1057 sed
319 993 448 1077 plenius
469 993 742 1073 recognoscimus,
764 995 840 1076 quia
862 1005 894 1058 et
917 995 1009 1058 robis
1032 1007 1065 1058 et
1085 996 1197 1060 vestris

240 1095 361 1158 meritis
376 1096 581 1175 exigentibus
597 1095 820 1158 constituimur
835 1095 1007 1160 debitores.
1052 1098 1097 1160 Et
1117 1098 1196 1160 licet

140 1197 142 1200 ’
241 1196 310 1260 haec
326 1217 399 1280 quae
420 1196 461 1259 ad
483 1216 625 1278 praesens
646 1197 804 1259 internos
826 1197 964 1278 agitatur
979 1199 1112 1282 quaestio
1129 1199 1196 1262 abi·

241 1299 301 1362 erit
315 1297 349 1361 in
366 1299 601 1380 abyssum,nou
618 1298 723 1361 minus
738 1309 846 1362 tamen
863 1311 1008 1365 tenemur
1018 1303 1069 1365 his
1084 1300 1197 1365 adesse

242 1402 358 1485 quibus
381 1409 413 1462 et
429 1421 485 1462 vos
506 1400 669 1478 tenemini,
684 1402 734 1464 vel
756 1402 866 1465 debito
887 1415 1008 1468 naturae
1023 1406 1073 1466 vel
1095 1404 1197 1486 gratia

240 1501 396 1585 obsequii.
442 1500 569 1563 Idcirco
592 1510 628 1564 ut
648 1501 682 1563 in
706 1503 815 1585 aliquo
838 1515 871 1566 et
896 1505 1025 1567 affectui
1052 1515 1085 1567 et
1106 1504 1196 1588 operi

240 1614 345 1666 restro
360 1602 622 1684 respondeamus,
636 1603 671 1664 in
687 1603 851 1686 proposito
867 1603 1023 1668 habemus
1039 1605 1136 1668 alicui
1154 1605 1195 1668 de

240 1705 351 1768 vestris
373 1705 456 1767 sicut
477 1704 568 1766 vobis
590 1705 757 1786 placuerit,
780 1704 855 1767 dare
878 1706 1043 1769 annuatim
1066 1705 1105 1769 de
1126 1707 1196 1771 the·

241 1805 379 1868 sauraria
392 1813 501 1867 nostra
519 1815 647 1867 centum
664 1803 796 1881 solidos,
811 1804 916 1869 donec
932 1805 1036 1868 eidem
1052 1806 1085 1868 in
1102 1828 1195 1890 aeque

239 1909 349 1970 valens
371 1908 420 1969 vel
443 1907 580 1989 amplius
602 1906 682 1968 alias
706 1907 866 1988 possimus
888 1906 1063 1990 providere.
1109 1906 1196 1980 Quid

240 2021 347 2074 autem
373 2008 543 2092 superbis
568 2008 661 2071 vobis
685 2009 843 2091 placuerit
867 2009 948 2087 fieri,
973 2010 1067 2073 nobis
1095 2009 1195 2091 signi-

245 2109 348 2173 ficate.

555 2427 773 2492 EPISTOLA
799 2431 879 2494 Xll.

609 2662 654 2707 ΔΙ)
669 2663 823 2709 EUNDEM.

279 2840 406 2901 Jooorri
421 2838 634 2919 lugdunensi
649 2840 886 2918 archiepiscopo
901 2841 938 2900 Α.
950 2841 1045 2919 prior
1063 2843 1148 2904 Can-

469 2940 644 3003 toorienris
657 2941 797 3002 ecclesia
812 2940 960 3002 salvarem.

281 3127 317 3190 S1
333 3126 498 3190 carissima
511 3123 590 3186 mihi
606 3132 655 3186 est
669 3134 780 3186 restrae
804 3123 983 3189 sanctitatis
1004 3129 1188 3206 reverentia,

236 3230 270 3293 id
294 3229 396 3311 agitur
419 3227 506 3310 apud
533 3248 583 3289 me
607 3225 641 3287 in
667 3245 732 3308 quo
755 3225 881 3289 debitor
901 3248 972 3289 sum
994 3228 1087 3291 robis
1110 3230 1190 3293 obli-

237 3341 340 3414 gatus,
356 3330 412 3415 qui
426 3350 485 3412 pro
501 3350 540 3391 ea
556 3348 628 3412 quae
639 3328 673 3390 in
690 3327 780 3390 vobis
796 3340 845 3391 est
860 3329 1029 3394 sanctitate
1045 3339 1078 3393 et
1093 3333 1193 3414 gratia

236 3431 446 3498 communiter
460 3452 534 3493 cum
556 3424 692 3507 caeteris,¹
705 3430 886 3513 specialiter
902 3442 1008 3495 autem
1028 3453 1087 3516 pro
1109 3435 1190 3498 libe·

235 3534 359 3597 ralitate
381 3533 549 3614 illaquam
570 3531 658 3614 apud
674 3552 731 3594 vos
754 3553 852 3614 egens
875 3542 906 3596 et
929 3543 1102 3598 extraneus
1124 3557 1192 3599 non

237 3633 396 3698 modicam
409 3632 527 3709 inveni,
541 3641 652 3695 teneor
665 3652 724 3714 pro
740 3632 860 3695 viribus
880 3633 993 3695 honori
1008 3643 1112 3699 vestro
1135 3636 1191 3700 de·

236 3737 339 3799 bitum
354 3744 387 3798 et
402 3734 553 3797 devotum
568 3743 717 3816 praestare
733 3733 933 3817 obsequium.
978 3734 1019 3796 In
1036 3757 1099 3820 quo
1120 3739 1191 3821 qui-

238 3838 313 3902 dem
342 3837 444 3918 magis
470 3835 625 3898 sollicitor
649 3835 677 3898 si
708 3856 771 3919 quo
801 3835 897 3898 modo
924 3835 1050 3901 daretur
1075 3860 1191 3922 oppor-

238 3939 369 4015 tunitaS,
384 3946 420 4000 ut
437 3935 535 4020 juxta
555 3936 647 3998 illum
674 3957 770 4020 quem
797 3957 873 4016 gero
896 3938 1047 4002 affectum
1069 3941 1191 4022 possim

237 4038 429 4120 benignitati
447 4047 558 4100 vestrae
574 4039 624 4100 vel
639 4038 671 4100 in
688 4037 795 4121 aliquo
811 4039 1013 4121 respondere.
1060 4041 1095 4103 si
1111 4063 1189 4124 quo·
