2864 4598
319 439 360 495 52
749 454 848 499 amur

318 600 418 661 forma
448 598 649 681 aliquatenus
678 600 784 662 alieno
813 601 916 682 possit
946 622 1010 664 nou
1042 604 1146 665 solum
1177 605 1276 686 assig-

318 720 405 772 nare,
421 699 477 762 sed
499 700 607 782 potius
629 700 795 764 transferre
817 701 1012 765 beneficium
1038 703 1277 768 cantuariensis

319 801 463 865 ecclesiae
489 801 532 864 ad
558 803 745 886 episcopum
772 804 885 867 alienae
912 805 1087 888 provinciae
1110 817 1144 871 et
1168 807 1276 870 minus

318 914 475 985 egentem,
504 904 539 967 id
570 916 674 968 tamen
706 905 817 969 viderit
846 907 987 989 benigna
1016 907 1076 970 filii
1113 907 1276 985 discretio,

318 1018 423 1071 utrum
446 1007 598 1091 expediat
611 1009 645 1070 in
661 1011 770 1072 matris
792 1011 1015 1073 confusionem
1038 1011 1209 1075 ecclesiam
1226 1010 1274 1095 ¹de

316 1109 478 1172 Einissord
504 1119 593 1173 tanto
620 1118 762 1194 tempore
785 1108 903 1194 injuste
926 1111 1065 1196 ablatam
1088 1122 1120 1174 et
1143 1111 1273 1175 demum

315 1232 379 1273 non
401 1211 469 1273 sine
492 1212 593 1273 multo
614 1212 724 1273 labore
740 1222 772 1274 et
793 1210 943 1294 angustia
963 1212 1127 1277 mediante
1145 1213 1275 1298 justitia

315 1312 461 1389 evictam,
477 1333 496 1374 a
510 1311 620 1374 debito
640 1312 689 1374 sui
706 1322 789 1376 statu
805 1315 993 1398 perturbari.
1038 1315 1144 1386 Quam
1159 1316 1272 1400 utique

315 1413 483 1477 ecclesiam
500 1424 598 1476 mater
612 1425 717 1477 vestra
733 1416 962 1480 monachorum
978 1415 1104 1480 deliciis
1116 1385 1189 1480 iion
1213 1438 1272 1500 ap·

313 1515 436 1600 plicuit,
459 1515 516 1578 sed
539 1515 650 1579 usibus
672 1537 850 1599 pauperum
876 1517 930 1600 pio
954 1516 1120 1601 deputarit
1142 1520 1270 1582 affectu.

313 1619 352 1680 In
381 1618 586 1681 subversione
610 1619 718 1703 itaque
738 1639 916 1702 pauperum
939 1619 1070 1695 Christi,
1095 1643 1176 1700 quos
1197 1621 1271 1705 ipsa

313 1722 455 1803 suscepit
483 1720 626 1795 alendos,
652 1723 679 1784 si
706 1722 878 1803 contigerit
907 1733 1038 1785 matrem
1065 1723 1125 1785 filii
1150 1725 1269 1807 impro-

311 1824 422 1897 bitate,
439 1822 527 1907 quod
543 1823 633 1886 Deus
654 1834 783 1900 avertat,
798 1823 943 1889 acerbius
965 1824 1137 1901 molestari,
1152 1846 1194 1887 ex
1209 1824 1268 1888 hu·

307 1926 453 2011 jusmodi
469 1927 590 1989 arboris
605 1926 713 1989 radice
736 1926 840 2009 qualis
860 1925 977 2010 poterit
999 1926 1119 1989 fructus
1140 1927 1269 2006 exoriri,

310 2027 488 2110 perpendet
517 2028 611 2090 eitius
635 2028 661 2090 si
691 2028 853 2091 advertere
878 2028 1013 2091 voluerit
1045 2027 1182 2091 discreta
1209 2029 1268 2091 filii

311 2131 450 2208 devotio,
473 2152 571 2215 quum
594 2152 632 2193 ea
655 2133 725 2194 sola
746 2132 936 2213 proponitur
957 2152 1064 2207 causa,
1088 2154 1187 2215 quare
1211 2131 1266 2195 de·

309 2235 406 2295 beant
430 2253 585 2316 pauperes
602 2230 720 2295 Christi
743 2230 884 2314 spoliari,
908 2231 1060 2313 quatinus
1083 2244 1266 2318 praepotens

309 2336 395 2399 tilius
418 2346 549 2398 matrem
575 2335 798 2417 pertransiens,
822 2354 921 2417 quum
946 2333 980 2396 id
1005 2336 1155 2412 evenerit,
1180 2336 1266 2419 quod

308 2438 365 2520 viu¹
385 2438 483 2499 semel
503 2437 538 2498 in
560 2435 621 2498 ista
637 2443 729 2497 aetate
749 2434 866 2516 poterit
885 2434 1082 2516 contingere,
1101 2437 1264 2520 proprium

307 2538 424 2601 habeat
454 2536 662 2612 domicilium,
692 2537 748 2598 ubi
778 2536 857 2599 forte
887 2557 953 2598 uon
979 2538 1055 2619 plus
1077 2560 1143 2602 una
1168 2550 1264 2603 nocte

306 2637 437 2703 seorsim
453 2659 473 2700 a
486 2648 586 2700 matre
608 2647 706 2720 caput
727 2636 869 2700 inclinet,
915 2638 961 2700 Et
980 2648 1064 2703 certe
1087 2641 1143 2724 pia
1164 2652 1263 2705 mater

305 2753 409 2806 vestra
434 2740 577 2803 nondum
601 2760 741 2824 eousque
765 2750 901 2803 vestram
925 2739 1131 2805 dilectionem
1154 2764 1263 2806 emau-

306 2846 444 2929 cipatam
459 2843 566 2906 habet.
591 2843 688 2914 Quod
703 2864 764 2905 nec
779 2842 856 2905 velit
870 2834 930 2904 nec
947 2841 1064 2906 debeat
1079 2866 1150 2908 eam
1165 2866 1261 2929 quam

304 2946 477 3010 admodum
490 2965 594 3008 caram
607 2944 704 3007 habet
718 2955 751 3006 et
761 2953 938 3026 acceptam,
949 2944 1043 3006 vestri
1055 2947 1261 3010 reverentiam

304 3048 337 3110 iu
359 3045 533 3130 paratiores
555 3045 689 3108 materni
711 3043 849 3129 pectoris
871 3044 961 3108 sinus
984 3046 1138 3130 recipere,
1162 3070 1260 3131 quum

303 3168 397 3210 suum
413 3147 455 3208 sit
467 3156 577 3207 votum
593 3154 624 3206 et
639 3142 833 3207 desiderium
848 3143 935 3207 diem
954 3135 1047 3208 illum
1062 3146 1180 3222 videre,
1197 3170 1260 3232 quo

304 3248 398 3310 vestri
424 3245 595 3329 praesentia
618 3246 783 3328 perfruens
805 3255 838 3309 et
861 3246 995 3309 consilio
1021 3248 1121 3330 possit
1144 3250 1185 3312 ab
1208 3250 1259 3313 his

304 3348 420 3432 quibus
435 3356 573 3409 arctatur
588 3347 742 3427 angustiis
757 3348 958 3431 aliquatenus
973 3349 1138 3432 respirare.
1173 3352 1257 3416 Sane

300 3448 485 3531 opinionem
516 3457 648 3509 vestram
680 3447 758 3531 quid
787 3446 901 3510 deceat
929 3469 995 3511 uon
1025 3451 1131 3514 miuus
1155 3450 1257 3534 inspi-

301 3549 461 3627 ciendum,
474 3571 572 3633 quum
588 3548 620 3612 id
638 3550 725 3634 quod
738 3549 784 3611 vir
794 3559 892 3613 tantae
907 3553 1105 3616 auctoritatis
1120 3555 1257 3638 posteris

299 3653 533 3736 inexemplum
550 3652 720 3735 reliquerit,
737 3650 777 3714 de
794 3650 869 3735 jure
888 3651 1006 3716 debeat
1021 3654 1063 3717 ad
1078 3656 1258 3720 consimilia

298 3758 381 3819 vires
406 3775 572 3818 resumere.
627 3755 744 3817 Utrum
770 3774 844 3816 vero
870 3753 983 3818 deceat
1005 3755 1254 3838 Lugdunensem

298 3858 577 3941 archiepiscopum
588 3855 827 3920 Cautuariensis
839 3856 986 3920 ecclesiae
998 3856 1101 3920 filium
1113 3868 1145 3921 et
1154 3859 1254 3921 alum·

297 3982 375 4023 num
391 3980 449 4042 pro
465 3958 588 4022 tantillo
604 3957 765 4021 beneficio
781 3966 813 4019 et
828 3957 884 4020 tali
900 3958 990 4022 titulo
1005 3959 1057 4021 vel
1077 3959 1254 4022 intentione

296 4059 502 4146 acquirendo,
519 4081 575 4124 seu
598 4061 688 4124 matri
707 4081 773 4123 suae
789 4080 846 4122 seu
861 4060 981 4124 Christi
1004 4062 1199 4145 pauperibus
1222 4075 1254 4126 et
