2864 4598
237 409 280 473 38
668 432 767 478 untur

241 583 323 639 stare
353 575 553 659 obsequium.
598 579 644 641 Et
672 581 787 662 procul
820 577 930 658 dubio,
959 590 996 644 ut
1024 579 1200 657 oredimus,

241 679 428 742 reverentiae
453 691 563 745 restrae
589 691 621 747 et
645 681 807 747 honestati
832 703 898 745 non
923 682 1094 747 modicum
1121 703 1200 747 con·

242 781 330 859 feret,
357 780 383 844 si
413 781 589 848 manifestis
618 794 770 868 appareat
799 785 941 864 indiciis,
966 785 1055 869 quod
1078 785 1201 871 injuria

243 882 321 949 filiis
335 883 422 946 illata
437 885 518 967 patri
533 885 665 952 omnino
681 885 859 970 displiceat.
904 889 1029 952 Velete.

559 1355 783 1421 EPISTOLA
812 1355 873 1421 lv.

396 1619 440 1663 ln
455 1617 635 1663 neumenia
655 1617 783 1661 neuen.
839 1597 1048 1681 [a.n.1181.]

246 1805 392 1867 Heurico
408 1805 477 1883 cepi
490 1802 665 1884 Anplorum
677 1803 803 1865 Alanus
813 1803 910 1882 prior
919 1803 1060 1865 ecclesie
1072 1803 1201 1868 Christi

545 1905 737 1968 Cuntuarie
752 1906 904 1968 salutem.

289 2107 431 2178 Quanto
462 2102 618 2166 desiderio
644 2104 814 2166 uobiscum
844 2104 1011 2169 universus
1041 2107 1215 2196 desiderat

246 2209 345 2284 orbis,
371 2218 406 2271 nt
433 2227 549 2291 corpus
575 2207 661 2270 beati
686 2207 833 2288 martyris
858 2207 992 2271 Thomae
1024 2209 1199 2274 decentiori

245 2315 319 2376 loco
343 2333 416 2376 cum
443 2310 552 2375 debito
579 2309 699 2372 honore
724 2310 907 2389 collocetur,
934 2311 1030 2376 etiam
1054 2313 1201 2376 barbarae

245 2414 394 2478 nationes
408 2434 474 2474 non
489 2413 649 2492 ignorant.
694 2412 890 2476 Praematura
903 2433 986 2476 vero
996 2435 1082 2478 mors
1097 2436 1201 2498 quon·

246 2514 320 2578 darn
349 2513 449 2598 patris
474 2513 574 2575 nostri
602 2512 733 2576 Ricardi
758 2512 794 2575 id
823 2512 929 2598 ipsum
956 2515 1128 2599 impedivit
1156 2516 1200 2580 ad

245 2627 382 2700 tempus,
398 2635 497 2696 quum
519 2613 561 2677 ad
582 2614 644 2678 hoc
663 2612 789 2697 pridem
811 2626 948 2680 vestram
970 2619 1200 2702 promptiorem

245 2717 480 2780 invenissemus
508 2715 713 2778 voluntatem.
774 2711 872 2782 Nunc
909 2728 1015 2782 autern
1050 2740 1108 2802 per
1136 2719 1201 2782 Dei

245 2819 378 2902 gratiam
404 2830 515 2901 parata
541 2828 616 2882 sunt
639 2838 687 2895 ea,
710 2817 828 2902 quibus
854 2840 905 2883 res
934 2819 1007 2903 ipss
1031 2819 1201 2886 videbatur

245 2921 387 2986 maxime
410 2919 573 3002 indigere:
596 2919 624 2984 si
646 2933 754 2983 tamen
778 2920 813 2983 id
833 2920 952 2984 sederit
973 2932 1077 2985 vestro
1099 2922 1199 2986 bene·

245 3024 377 3108 placito,
392 3032 426 3086 ut
441 3022 588 3106 sequenti
610 3043 695 3085 anno
712 3022 799 3086 circa
820 3022 961 3086 medium
977 3023 1061 3087 Maii
1076 3034 1201 3087 tantum

246 3124 413 3206 negotium
434 3123 538 3206 possit
566 3121 738 3184 terminari.
793 3124 926 3206 Oportet
949 3124 1034 3186 enim
1065 3123 1107 3186 ad
1130 3124 1201 3208 ejus

247 3225 511 3308 exsequutionem
531 3223 665 3307 plurima
680 3225 862 3308 praeparari.
907 3225 1127 3292 Nihilominus
1142 3249 1200 3292 ex-

246 3325 339 3411 pedit
352 3325 414 3400 his,
428 3324 485 3407 qui
504 3325 632 3405 longius
655 3326 785 3403 absunt,
800 3326 896 3410 hujus
917 3328 1097 3393 festivitatis
1120 3341 1198 3392 tem-

246 3449 308 3512 pus
337 3427 382 3489 ita
407 3425 605 3502 denunciari,
636 3427 724 3511 quod
753 3428 793 3492 ad
821 3429 868 3506 id,
898 3431 983 3494 sicut
1008 3430 1201 3509 desiderant,

246 3530 371 3615 possint
392 3529 626 3611 competentius
648 3531 823 3612 pervenire.
867 3532 999 3596 Placeat
1019 3532 1130 3616 itaquo
1152 3554 1201 3596 se

245 3630 375 3695 renitati
388 3640 501 3693 vestrae
516 3629 649 3694 domino
663 3642 696 3694 et
709 3632 791 3715 patri
807 3644 917 3696 nostro
933 3632 1099 3696 Baldwino
1112 3633 1198 3697 Can·

245 3732 397 3800 tuariensi
418 3731 659 3816 archiepiscopo
682 3746 713 3796 et
733 3735 828 3797 nobis
851 3735 1046 3798 voluntatem
1061 3747 1198 3800 vestram

246 3833 438 3918 significare.
484 3833 524 3896 Id
545 3855 684 3918 namque
707 3848 914 3919 expectamus
937 3847 973 3901 ut
998 3837 1038 3900 de
1063 3839 1200 3903 consilio

245 3950 277 4005 et
291 3937 412 4002 auxilio
428 3947 532 4000 vestro
555 3935 747 3999 desiderium
769 3950 924 4018 nostrum,
938 3940 1037 4003 immo
1051 3942 1195 4006 omnium

162 4091 166 4098 .
245 4042 508 4118 Christianorum,
522 4040 556 4103 in
571 4041 631 4105 hac
648 4050 738 4123 parte
754 4041 854 4124 possit
869 4044 1032 4126 compleri.
1070 4045 1198 4110 Valete.
