2864 4598
250 525 292 584 46
678 535 776 583 atsur

251 683 393 747 cordium
416 684 486 768 ipse
506 685 603 747 novit.
649 682 763 750 Valeat
783 685 817 749 in
843 684 972 750 Christo
997 696 1099 749 vestra
1123 686 1203 749 mihi

248 785 434 868 praedilecta
448 786 632 869 paternitas.

568 1158 797 1225 EPISTOL'A
821 1161 880 1224 IX.

275 1392 414 1437 JOANNIS
429 1390 560 1436 PRIORIS
575 1390 600 1434 S·
616 1390 779 1436 SWITHINI
794 1391 941 1437 WINTON.
956 1393 1000 1438 AD
1015 1394 1165 1440 ALANUM·

245 1589 386 1652 Dmnirro
408 1597 438 1652 ct
460 1591 565 1652 amico
586 1591 622 1651 in
648 1590 776 1653 Christo
797 1591 964 1654 sadanma
986 1591 1094 1655 Alorco
1112 1594 1199 1656 Cun-

288 1693 449 1755 luarienci
469 1693 578 1773 priori
596 1690 774 1754 venerabili
795 1713 875 1754 auus
895 1693 1038 1756 Jourrrrea
1056 1697 1196 1757 ecclesia

285 1797 393 1859 sancti
416 1793 582 1857 &wittani
603 1794 778 1856 Wiutorrie
803 1793 911 1857 dictus
930 1796 1033 1874 prior,
1056 1798 1194 1859 salutem

288 1902 323 1962 in
338 1901 481 1962 omnium
496 1900 648 1960 salutari.

279 2101 331 2162 An
344 2099 452 2162 literas
463 2096 693 2159 consolationis
703 2107 815 2159 vestrae
826 2097 942 2160 revixit
951 2099 1082 2188 spiritus
1093 2122 1194 2176 meus,

242 2211 339 2264 etex
361 2198 402 2261 iis
424 2197 503 2260 mihi
526 2196 648 2280 duplex
673 2197 805 2261 eliciens
831 2198 1004 2262 remedium
1028 2199 1194 2265 dilectioni

240 2311 353 2363 vestrae
377 2299 495 2382 gratias
517 2298 618 2360 retuli.
672 2299 728 2361 Ex
753 2319 859 2361 earum
886 2300 1097 2384 proculdubio
1128 2303 1193 2365 sin-

241 2405 370 2469 ceritate
401 2402 465 2466 duo
495 2402 574 2464 mihi
600 2402 788 2465 humilitatis
813 2424 850 2466 ac
878 2404 1040 2487 patientiae
1065 2426 1192 2488 proma·

238 2518 354 2570 narunt
383 2505 585 2568 documenta.
635 2505 780 2576 erorum
810 2526 908 2568 unum
935 2506 976 2570 ad
999 2508 1190 2586 custodiam,

243 2610 375 2672 alterurn
399 2606 441 2670 ad
455 2606 580 2669 virtutis
601 2618 750 2669 ornatum
771 2607 849 2670 mihi
870 2619 974 2672 vestra
994 2609 1096 2690 gratia
1116 2631 1190 2693 pro·
1292 2600 1294 2603 ’

240 2709 379 2773 curavit:
403 2728 500 2771 unum
521 2729 541 2769 a
556 2709 696 2790 superbo
718 2710 819 2772 Moab
840 2709 1088 2775 declinandum:
1112 2714 1190 2776 alte·

237 2831 306 2874 rum
321 2831 506 2895 percussum
521 2810 586 2873 Job
600 2809 798 2873 induendum
821 2813 1029 2877 commonuit
1073 2815 1190 2877 Praeci-

237 2935 349 2998 parum,
363 2924 399 2976 ut
414 2913 547 2988 aestimo,
560 2912 749 2976 humilitatis
770 2928 1020 2980 mercamentum
1040 2930 1090 2980 est
1107 2938 1188 3000 prae-

236 3017 337 3080 teritae
360 3016 554 3100 paupertatis
573 3015 755 3078 reminisci:
783 3017 872 3099 quod
891 3018 986 3081 etiam
1005 3017 1090 3081 inter
1103 3020 1190 3103 ipsas

237 3118 369 3183 delicias
383 3117 509 3180 laudem
526 3117 672 3201 praecinit
691 3138 799 3179 aarum
820 3119 981 3200 largitori:
1006 3120 1099 3204 cujus
1123 3132 1188 3184 tam

236 3216 422 3282 extollenda
446 3239 541 3300 quam
561 3216 748 3280 admiranda
771 3229 819 3280 est
843 3219 1050 3302 dispensatio.
1097 3216 1189 3284 Nihil

236 3320 323 3384 enim
339 3319 543 3402 praesentium
558 3339 722 3382 numerum
734 3331 798 3382 tam
811 3321 911 3384 efficit
920 3322 1078 3404 ingratum
1091 3346 1188 3408 quam

237 3421 454 3484 conditionem
480 3419 529 3482 sui
553 3442 619 3481 non
646 3443 829 3502 agnoscere,
851 3425 1082 3505 praeteritorum
1105 3427 1186 3489 obli-

235 3523 324 3585 visci.
368 3520 461 3583 Nihil
483 3521 603 3584 interea
625 3522 706 3585 adeo
727 3533 870 3586 mentem
889 3527 1018 3590 roborat
1032 3549 1127 3611 qnam
1150 3528 1184 3592 in

234 3622 332 3708 hujus
346 3623 419 3686 vitae
433 3623 581 3706 procellis
596 3625 749 3706 amplecti
770 3626 977 3708 patientiam;
999 3650 1097 3712 quam
1118 3651 1185 3693 non

234 3725 391 3788 immerito
412 3725 533 3807 prolem
557 3724 745 3788 humilitatis
764 3727 1005 3790 nominaverim.
1048 3729 1093 3791 Et
1115 3729 1187 3813 ipsa

235 3826 363 3913 quidem
385 3826 513 3909 optimae
536 3827 698 3909 genitricis
720 3840 830 3910 partus
852 3850 918 3892 non
942 3829 1088 3893 deterior.
1132 3829 1185 3892 Ad

232 3931 364 3994 istarum
400 3928 509 4010 itaque
543 3927 830 3993 considerationem
861 3931 1012 3995 virtutum
1043 3932 1183 3995 amicum

234 4030 441 4115 provocastis,
455 4029 583 4113 pigrum
599 4030 785 4109 suscitastis,
801 4031 841 4096 do
860 4033 1023 4096 communi
1037 4054 1103 4096 non
1118 4044 1183 4097 tam

234 4136 388 4198 sollicitus
418 4154 513 4216 quam
546 4135 747 4217 perturbatus
782 4137 957 4216 naufragio.
1018 4135 1184 4220 Quicquid
