2864 4598
625 432 802 478 semrom.
1151 421 1190 477 41

201 617 205 624 ·
240 588 272 642 et
292 579 343 642 sic
372 579 427 661 qui
450 579 552 642 factus
577 579 637 642 fuit
662 579 836 643 indomitus
862 589 894 644 et
924 580 1070 643 effrenis:
1104 579 1193 642 dabit

238 700 368 744 manum
397 679 586 744 correctioni
616 689 648 743 et
678 679 735 743 fiet
764 679 914 743 docibilis
944 680 1093 765 quatinus
1122 679 1192 764 ejus

239 781 333 844 saluti
347 781 517 865 pastoralis
532 781 713 845 sollicitudo
729 780 845 845 debeat
861 781 1085 864 congratulari,
1101 781 1192 864 cujus

237 881 448 966 perditionem
469 883 557 966 prius
578 884 682 965 potuit
704 893 737 946 et
759 881 870 945 debuit
892 882 1063 966 deplorare.
1108 883 1191 946 Haec

238 982 280 1046 ad
291 984 476 1048 instantiam
491 991 525 1046 et
535 984 781 1066 postulationem
798 985 990 1049 confratrum
1002 996 1192 1063 nostrorum,

237 1084 293 1168 qui
303 1097 442 1148 vestrum
456 1085 564 1168 utique
577 1086 727 1148 affectant
737 1085 902 1161 honorem,
913 1085 955 1147 ad
969 1105 1025 1147 vos
1041 1085 1192 1148 duximus

238 1205 378 1265 exarare,
401 1196 436 1247 ut
454 1185 543 1268 quali
563 1196 596 1248 et
612 1206 671 1269 pro
692 1207 757 1269 quo
778 1187 811 1248 in
834 1185 896 1249 hac
919 1196 1008 1269 parte
1028 1207 1193 1249 movemur

239 1289 365 1365 affectu,
394 1287 507 1350 harum
534 1297 642 1350 tenore
668 1288 817 1372 inspecto
846 1288 975 1371 plenius
1003 1288 1192 1351 innotescat.

138 1450 143 1458 .
238 1391 282 1452 Et
298 1390 421 1453 sibene
436 1389 650 1467 meminimuS,
664 1402 767 1454 restra
789 1388 933 1455 bonitate
954 1389 1092 1454 docente
1107 1389 1191 1453 didi·

238 1491 351 1570 cimus,
380 1491 584 1575 praesentium
613 1493 722 1555 latoris
752 1514 920 1556 excessum
959 1501 992 1555 et
1027 1513 1191 1557 recessum

238 1605 348 1659 vestrae
363 1594 476 1678 pietati
490 1594 621 1656 omnino
637 1594 849 1679 displicuisse.
894 1594 1017 1658 Valete.

560 2011 782 2075 EPISTOLA
807 2015 864 2076 VI.

495 2227 538 2270 AD
554 2227 737 2272 ROBERTUM
754 2229 797 2273 DE
813 2229 978 2273 HARDRES.

239 2416 363 2477 Alanus
382 2416 475 2495 prior
488 2418 629 2479 ecclesie
653 2417 774 2480 urrisu·
792 2417 1041 2480 Ountuarionsr's
1055 2415 1192 2479 Roberto

273 2516 313 2580 de
329 2517 490 2594 Hurdrea
505 2518 641 2581 sulutem
657 2527 688 2581 et
703 2520 874 2598 infectura
890 2518 954 2581 sibi
968 2519 1161 2600 prospicere.

280 2701 333 2763 Eo
348 2722 452 2784 usque
467 2701 577 2764 divina
592 2712 623 2765 et
637 2724 688 2765 me
704 2712 736 2766 et
750 2713 780 2764 te
795 2704 913 2765 extulit
935 2703 1045 2783 gratia,
1060 2703 1139 2765 etin
1154 2703 1189 2766 id

239 2801 340 2864 aetatis
357 2801 427 2884 jam
448 2801 643 2880 devenimus,
664 2802 750 2885 quod
776 2802 816 2863 de
839 2811 954 2864 caetero
980 2801 1144 2879 debemus,
1166 2804 1193 2866 si

182 2891 184 2895 ¹
239 2901 393 2984 sapimus,
408 2901 438 2964 ci
454 2901 615 2964 uberiores
636 2901 805 2983 gratiarum
829 2901 973 2963 actiones
995 2901 1120 2978 referre,
1137 2902 1192 2984 qni

238 3014 406 3086 utrumqne
434 3012 589 3079 nostrum,
612 3024 710 3086 supra
734 3023 830 3084 quam
856 3001 973 3084 aliquis
1003 3001 1043 3063 de
1075 3023 1191 3081 genere

236 3117 346 3168 nostro
376 3127 472 3169 ansus
504 3116 553 3169 est
582 3126 719 3187 sperare,
748 3104 898 3184 dignatus
928 3115 976 3167 est
1005 3104 1191 3187 provehere.

238 3207 399 3278 Quocirca
420 3218 565 3271 tenemur
586 3207 784 3290 propensiori
806 3204 913 3269 studio
936 3227 1128 3290 praecavere,
1149 3229 1191 3271 ne

236 3307 473 3389 ingratitudinis
502 3320 578 3370 nota
609 3308 754 3389 insigniti
782 3305 946 3369 videamur
975 3306 1079 3370 saltim
1109 3308 1192 3372 velle

237 3421 370 3474 matrem
384 3419 526 3473 nostram
542 3409 744 3493 aliquatenus
759 3410 958 3492 impugnare,
971 3432 989 3472 a
1005 3408 1099 3493 cujus
1114 3413 1192 3474 ube·

237 3512 325 3574 ribus
355 3511 533 3573 coaluimus
556 3520 588 3572 et
614 3519 735 3572 tantam
760 3509 939 3591 recepimus
966 3511 1026 3572 sub
1050 3520 1193 3572 extrema

236 3611 414 3693 ignominia
428 3622 459 3674 et
475 3611 585 3674 ultima
607 3618 795 3693 paupertate
816 3608 1079 3685 consolationem,
1095 3619 1129 3671 nt
1144 3618 1193 3671 tot

238 3722 271 3775 et
293 3713 388 3775 tantis
403 3712 478 3774 viris
500 3732 565 3773 non
587 3709 700 3773 merito
723 3718 844 3784 nostro,
868 3709 925 3772 sed
948 3711 1048 3791 gratia
1071 3711 1137 3772 Dei
1158 3710 1191 3772 id

239 3824 351 3895 agente
367 3812 580 3896 praeferamur,
595 3833 731 3895 quorum
753 3811 779 3872 si
801 3811 843 3873 ad
858 3832 959 3891 genus
976 3813 1026 3874 vel
1042 3812 1135 3873 vitam
1160 3820 1193 3873 et

240 3914 512 3978 conversationem
528 3912 692 3995 respicias,
707 3931 766 3973 nec
784 3911 875 3992 digni
891 3912 1007 3974 erimus
1022 3909 1191 3990 corrigiam

240 4013 448 4084 calceamenti
462 4015 590 4076 solvere.
625 4013 660 4076 Si
676 4034 762 4095 ergo,
774 4034 811 4076 eo
825 4013 1017 4077 admonente
1033 4012 1086 4095 qui
1104 4009 1192 4073 dedit
