2864 4598
639 437 817 483 nmsrotu.
1160 419 1202 480 35

242 581 356 645 mundi
383 581 507 647 deliciis
531 595 565 647 et
591 605 695 647 rerum
724 585 891 648 affluentia
920 585 1096 649 debeamus
1121 603 1198 646 eon-

242 685 380 762 versari3
404 683 480 747 dum
496 697 641 768 patenter
656 684 813 770 perpendi
835 696 952 768 potest,
967 688 995 750 si
1013 685 1142 771 plenius
1164 683 1199 746 id

241 784 427 869 inquiratur,
457 787 593 870 qualiter
622 787 717 850 nobis
746 786 803 850 illa
831 786 875 849 rei
905 787 1065 850 familiaris
1089 784 1198 868 inopia

240 895 316 950 tune
343 884 467 951 dederit
495 889 642 951 notitiam
673 887 712 951 de
737 889 961 971 temporalium
990 886 1196 958 abundantia,

240 987 333 1072 cujus
347 1009 548 1071 possessores
569 989 779 1052 credebamus
793 989 964 1073 plurimum
980 990 1100 1067 feliccS,
1115 1009 1196 1073 quos

234 1089 302 1174 jam
327 1101 463 1167 constat,
485 1091 647 1155 denudate
673 1093 811 1155 vanitate
835 1103 868 1155 et
893 1092 1049 1170 discussa,
1076 1112 1196 1155 vacuos

239 1213 310 1255 esse
334 1203 368 1255 et
391 1193 514 1255 inanes.
560 1192 648 1265 Quid
675 1193 744 1268 tibi,
769 1194 883 1265 amice,
908 1193 1041 1271 ridetur,
1064 1193 1092 1257 si
1113 1215 1194 1277 prae-

240 1295 347 1359 teritas
369 1295 440 1358 illas
463 1295 624 1359 scholares
647 1297 812 1378 angustias
832 1318 907 1360 cum
929 1297 990 1373 his,
1006 1318 1086 1380 quas
1108 1315 1194 1358 nunc

240 1398 391 1480 patimur,
416 1419 583 1483 compares
608 1397 848 1462 anxietatibus?
896 1390 1052 1483 Nunquid
1082 1398 1196 1463 amerb

240 1500 383 1565 tudinem
406 1501 495 1563 illam
518 1501 706 1564 amariorem
730 1500 820 1564 dices
842 1501 904 1565 isto
927 1503 1030 1578 melle,
1050 1501 1138 1585 quod
1160 1501 1195 1562 iu

241 1600 353 1664 ardore
369 1609 401 1663 et
414 1611 495 1664 aestu
510 1602 723 1664 tribulationis
743 1600 865 1664 dierum
888 1603 1022 1665 istorum
1044 1623 1131 1666 nunc
1154 1600 1194 1664 de

240 1702 344 1786 spinis
369 1713 402 1766 et
428 1704 553 1767 tribulis
579 1702 750 1767 elicimus?
798 1705 891 1767 Tunc
916 1702 1047 1786 quidem
1074 1705 1196 1788 aliqua-

240 1815 332 1868 tenus
348 1806 473 1869 suffecit
488 1806 554 1868 diei
569 1807 691 1870 malitia
703 1828 867 1884 sua,nunc
880 1816 984 1870 autem
1000 1807 1196 1869 miseriarum

240 1906 396 1984 cumulus,
420 1907 476 1988 qui
506 1928 549 1969 ex
574 1907 645 1990 ipsa
670 1909 812 1971 nascitur
836 1907 1012 1990 opulentia,
1038 1928 1126 1970 suam
1149 1907 1195 1969 ita

241 2005 370 2069 demum
390 2019 541 2088 aggravat
562 2008 778 2086 acerbitatem,
801 2008 888 2093 quod
912 2009 1006 2073 etiam
1030 2009 1095 2073 vita
1123 2009 1195 2092 ipsa

240 2109 431 2194 quandoque
448 2111 579 2174 vertitur
593 2111 625 2174 in
640 2110 782 2174 taedium.
829 2112 927 2176 Unde
943 2134 962 2175 a
978 2112 1193 2176 sollicitudine

241 2224 274 2275 et
288 2234 365 2276 cura
378 2214 536 2290 suffocati,
552 2235 624 2276 curn
649 2223 828 2298 temporum
849 2213 966 2278 damno
989 2237 1060 2299 quae
1081 2224 1194 2276 retror-

240 2336 309 2378 sum
325 2336 391 2378 non
405 2315 526 2378 habent
540 2337 709 2393 recurrere,
721 2317 870 2380 omnibus
885 2317 989 2380 modis
1003 2316 1195 2380 incurrimus

240 2418 351 2481 salutis
366 2417 581 2501 dispendium.
626 2420 697 2483 Nee
713 2431 762 2482 est
781 2416 899 2503 aliquid
916 2421 948 2482 in
965 2441 1028 2502 quo
1043 2418 1195 2502 reperitur

240 2519 389 2583 solatium
405 2519 474 2582 sine
491 2519 626 2599 graviori
649 2519 842 2584 discrimine.
890 2520 1091 2604 Quaeunque
1107 2519 1194 2582 enim

239 2633 270 2684 te
284 2621 425 2697 verteriS,
447 2621 584 2684 occurrit
606 2622 719 2685 salutis
742 2624 951 2687 obstaculum.
997 2625 1062 2687 His
1084 2623 1118 2685 in
1141 2644 1192 2685 me

238 2722 310 2806 ipso
331 2723 465 2805 repertis
482 2723 628 2786 anxietas
649 2725 746 2787 animi
766 2739 888 2788 motum
903 2726 1018 2788 mentis
1037 2745 1103 2786 non
1118 2723 1195 2786 sinit

239 2844 308 2886 esse
335 2844 491 2901 securum,
514 2823 617 2888 donec
644 2825 829 2908 aspiraverit
852 2824 921 2886 dies
944 2845 1039 2908 quam
1063 2823 1194 2885 daturus

239 2931 289 2987 est
304 2923 464 2988 Dominus
478 2925 512 2987 in
528 2927 691 3008 utriusque
713 2935 856 2987 nostrum
880 2925 1146 3000 consolationem,
1159 2934 1195 2985 ut

238 3027 400 3109 possimus
414 3048 523 3090 revera
537 3047 594 3111 pro
610 3026 706 3088 nobis
721 3026 828 3089 dicere
845 3025 922 3107 quia
935 3026 1022 3087 beati
1036 3046 1193 3109 pauperes

240 3129 365 3214 spiritu,
379 3130 532 3212 quoniam
547 3130 690 3213 ipsorum
706 3139 754 3192 est
768 3149 903 3209 regnum
924 3128 1091 3191 eoelorum.
1137 3128 1192 3190 Ex

239 3252 311 3295 mea
325 3253 398 3294 vero
413 3241 500 3294 tuam
516 3231 754 3294 tribulationem
771 3230 929 3308 dimetior,
944 3240 976 3292 et
992 3230 1116 3294 ideirco
1130 3229 1191 3293 tibi

239 3333 323 3397 sieut
337 3333 416 3396 mihi
437 3355 479 3396 ex
494 3332 600 3395 cordis
619 3335 736 3397 affectu
757 3333 913 3396 hactenus
935 3332 1005 3395 haec
1026 3354 1193 3415 aggressus

240 3455 311 3497 sum
325 3435 426 3518 loqui,
441 3447 549 3498 votum
565 3443 597 3498 et
609 3432 800 3497 desiderium
815 3432 939 3497 hebens
953 3454 1020 3497 uou
1029 3433 1194 3497 modicum

240 3535 281 3599 de
310 3546 395 3599 statu
420 3535 541 3599 domini
571 3536 717 3620 episcopi
744 3546 777 3599 et
801 3546 855 3598 tuo
876 3536 1054 3619 pleniorem
1075 3534 1192 3597 habere

238 3637 397 3715 notitiam,
413 3637 488 3721 quia
503 3636 530 3699 si
546 3634 625 3719 quid
647 3656 747 3718 penes
771 3635 1002 3698 conscientiam
1017 3643 1102 3697 tuam
1125 3639 1193 3696 mo·

238 3749 338 3817 retur,
361 3738 448 3803 unde
480 3739 597 3802 debeat
622 3738 744 3802 amicus
766 3750 839 3800 tuus
864 3757 923 3820 pro
948 3746 979 3799 te
1005 3736 1137 3812 moveri,
1158 3734 1193 3797 id

239 3839 383 3904 securius
404 3840 481 3902 mihi
502 3850 653 3922 tanquam
674 3837 735 3901 tibi
755 3837 951 3901 committere
967 3836 1098 3921 poteris,
1113 3856 1191 3919 quo-

238 3943 325 4008 niam
340 3954 430 4006 tuum
446 3942 623 4026 profectum
638 3940 722 4004 sieut
736 3950 768 4002 et
781 3958 887 4003 meum
911 3939 1042 4002 omnino
1064 3938 1193 4000 affectat

239 4045 346 4108 anima
360 4065 441 4108 mea.
485 4044 602 4107 Valeat
616 4042 739 4105 amicus
753 4061 842 4103 meus
857 4051 890 4103 et
904 4039 989 4103 vivat
1001 4039 1037 4101 in
1052 4037 1190 4103 Christo.

688 4162 710 4206 n
725 4148 745 4206 2
