2864 4598
250 420 290 476 44
676 428 774 473 amru

249 578 382 660 gratiam
396 574 620 660 promeruisse,
635 574 723 658 quod
738 572 846 638 studio
867 583 900 637 et
923 573 1105 659 disciplinae
1128 596 1203 664 cum

248 677 394 741 familiari
410 676 557 757 angustia
577 675 761 757 diligentius
776 674 913 754 vacavit,
928 696 969 738 ne
985 697 1058 739 cum
1075 674 1203 741 damnis

247 801 350 843 rerum
373 780 547 842 incurreret
575 789 609 840 et
638 777 755 840 damna
780 788 969 860 temporum.
1024 779 1099 841 Non
1124 799 1202 860 ergo

248 892 344 945 totam
361 881 568 944 substantiam
585 901 677 943 suam
692 901 766 943 cum
781 880 1001 943 meretricibus
1023 872 1216 965 dissipavit,¹

248 984 304 1065 qni
327 1004 392 1045 non
416 984 519 1045 solum
542 982 684 1059 alteram,
699 979 756 1044 sed
772 990 805 1044 et
819 982 920 1043 multo
940 982 1103 1045 meliorem
1126 1003 1200 1066 par-

246 1098 312 1150 tem
342 1084 403 1147 sibi
431 1084 570 1147 retinuit.
628 1084 747 1146 Verum
778 1083 806 1145 si
834 1083 1042 1165 permiseritis
1070 1083 1199 1147 fratrem

246 1197 384 1251 vestrum
415 1186 590 1248 discurrere
620 1195 651 1248 et
677 1206 787 1248 usuras
812 1205 994 1268 procurare,
1020 1207 1119 1268 quum
1143 1185 1201 1250 de·

245 1309 332 1350 mum
347 1287 527 1350 necessario
543 1286 704 1370 oportebit
717 1287 821 1350 eidem
838 1286 1016 1363 consulere,
1030 1294 1062 1348 et
1082 1285 1200 1349 damna

244 1411 348 1452 rerum
370 1399 563 1466 accrescent,
585 1399 619 1451 et
640 1409 705 1451 non
729 1388 914 1451 minuentur
935 1387 1052 1450 damna
1075 1399 1199 1472 tempo·

243 1511 323 1553 rum.
368 1491 519 1573 Denique
535 1489 655 1554 reditus
671 1512 752 1574 quos
767 1489 866 1553 habet
880 1489 960 1552 citra
979 1489 1199 1553 auctoritatem

243 1604 379 1655 vestram
394 1592 513 1655 nomini
529 1591 647 1675 poterit
660 1592 818 1672 obligare:
843 1590 918 1673 quia
932 1611 1027 1653 nemo
1043 1591 1154 1655 credet
1169 1591 1199 1654 ei

245 1695 431 1778 quicquam,
446 1706 478 1757 et
499 1694 525 1757 si
540 1694 575 1756 id
590 1694 700 1756 secerit
715 1692 961 1776 compelleretur
974 1691 1087 1755 iterato
1109 1715 1198 1756 men·

245 1796 361 1859 dicare.
389 1796 550 1860 Sustinete
564 1797 671 1878 igitur,
682 1796 709 1858 si
725 1796 841 1879 placet,
857 1816 913 1857 vos
925 1795 975 1857 vel
991 1797 1090 1858 semel
1102 1797 1199 1875 vinci,

244 1911 280 1961 ut
289 1898 375 1961 idem
386 1900 480 1961 frater
489 1908 600 1975 vester,
612 1899 686 1981 quia
695 1897 765 1980 jam
782 1906 907 1960 aetatem
922 1895 1030 1974 habet,
1041 1918 1083 1960 ex
1095 1900 1197 1961 abun·

245 2000 381 2062 dantiori
397 2000 497 2080 gratia
511 2013 616 2064 vestra
631 2009 775 2063 teneatur
790 1998 931 2081 seipsum
946 1998 1083 2062 vincere.
1110 1998 1198 2072 Quid

243 2101 295 2165 cui
311 2111 343 2164 et
358 2121 377 2163 a
392 2103 480 2184 quali
496 2102 598 2165 amico
612 2100 735 2165 dictum
751 2101 792 2163 sit
806 2098 995 2182 intelligenti
1011 2101 1088 2164 satis
1102 2102 1195 2165 inno·

243 2213 350 2267 tescet.
395 2205 517 2268 Valete.

548 2582 772 2646 EPISTOLA
796 2585 891 2647 VIII.

609 2790 653 2833 AI)
669 2789 820 2834 EUNDEM.

239 2938 416 3003 Benedicto
445 2939 558 3003 abbati
580 2941 620 3003 de
649 2943 761 3021 Burpo
789 2944 912 3010 Alenus
934 2949 1028 3024 prior
1051 2948 1192 3010 ecclesie

332 3040 455 3103 Christi
472 3042 732 3116 Cantauriensis,
748 3042 884 3107 salutem
900 3053 932 3106 et
948 3048 1100 3127 seipsum.

281 3223 332 3283 Au
347 3222 485 3304 inceptis
508 3245 574 3285 non
598 3224 749 3287 duximus
773 3226 1113 3307 subsistendu1n‚licet
1135 3230 1190 3293 de·

238 3321 354 3383 siderio
377 3333 496 3400 nostro,
518 3323 639 3386 utinam
664 3346 729 3386 non
751 3325 866 3389 honori
891 3339 1007 3407 vestro,
1033 3329 1191 3393 hactenus

236 3422 383 3485 restiterit
392 3435 501 3486 vestrae
512 3423 706 3505 dilectionis,
716 3438 751 3489 ut
765 3429 926 3513 plerisque
937 3429 1074 3509 videtur,
1083 3432 1189 3494 minus

234 3523 377 3604 benigna
398 3524 559 3587 severitas.
603 3526 649 3588 Et
670 3547 728 3608 pro
750 3540 848 3606 certo,
862 3530 918 3592 ubi
940 3530 975 3593 id
998 3533 1190 3615 persuaserit

235 3636 402 3688 mansueta
431 3624 605 3690 discretio:
643 3628 686 3691 ad
717 3631 846 3692 tutelam
875 3653 941 3694 non
972 3634 1076 3696 solum
1111 3655 1189 3696 con·

235 3729 388 3803 scientiae,
418 3727 474 3790 sed
507 3730 601 3792 etiam
633 3730 723 3792 famae
759 3732 985 3796 conservandae
1015 3735 1187 3819 plurimum

235 3829 464 3894 detrahendum
480 3840 528 3893 est
543 3829 700 3893 severitati
715 3852 771 3914 pro
795 3838 948 3915 tempore,
964 3855 1005 3896 ne
1025 3834 1055 3897 si
1077 3856 1187 3897 curam

235 3931 480 3993 domesticorum
496 3929 717 4013 abjecerimus,
733 3931 850 4014 quibus
866 3932 976 4017 utique
991 3955 1049 4018 pro
1065 3943 1186 3998 naturae

235 4033 344 4097 debito
367 4044 513 4096 tenemur
535 4032 728 4117 prospicere,
752 4034 914 4098 videamur
940 4035 1103 4101 hominem
1130 4059 1187 4102 ex-
