2864 4598
623 422 804 469 urrsroue.
1153 415 1195 475 43

241 563 287 627 Iu
310 584 409 646 quum
432 565 590 631 hactenus
604 566 679 650 jura
701 539 788 633 illius
809 571 933 652 integra
955 582 987 635 et
1008 572 1110 637 illaesa
1132 595 1195 638 ser-

239 663 389 743 vaverim,
403 668 519 731 acriter
532 668 689 749 insistam,
701 673 805 735 nevel
819 682 850 737 te
865 674 937 757 ipso
950 684 1079 738 auctore
1094 688 1196 741 mater

240 785 312 928 mep
335 764 451 832 debeat
473 769 506 832 in
533 771 641 855 aliqua
664 771 713 834 sni
738 785 826 856 parte
852 775 920 858 pati
942 775 1194 842 diminutionem.

243 866 293 929 Va
307 878 369 930 ete.

558 1295 781 1361 EPISTOLA
808 1298 885 1361 Vll.

388 1513 432 1557 An
447 1512 668 1558 BENEDIOTUM
685 1515 844 1560 ΔΒΒΑΤΕΜ
863 1517 905 1561 DE
920 1518 1044 1563 BURGO·

240 1693 419 1757 Benedicta
446 1693 558 1757 abbati
584 1695 624 1757 de
651 1695 764 1777 Burqo
789 1696 915 1758 Alanus
937 1698 1034 1776 prior
1055 1700 1195 1761 ecclesiae

330 1796 457 1859 Christi
475 1796 888 1874 commanducandum
905 1805 936 1859 et
951 1799 1103 1878 seipsum.

284 1998 388 2061 Slcur
415 2012 526 2062 vestrm
552 1999 680 2082 plenius
707 1997 851 2061 innotuit
880 1997 1077 2076 discretioni,
1098 1999 1195 2082 longe

239 2098 327 2162 aliud
350 2110 397 2163 est
419 2100 587 2181 corripere,
610 2099 698 2162 uliud
723 2098 910 2182 deprimere.
955 2100 1000 2162 Et
1023 2120 1083 2182 pro
1107 2107 1194 2164 certo

240 2202 295 2284 qui
318 2202 415 2264 nimis
440 2201 595 2281 emungit,
620 2201 727 2284 ipsum
757 2199 931 2284 aliquando
955 2200 1043 2264 elicit
1067 2202 1194 2282 saugui-

237 2324 329 2366 nem:
352 2324 413 2365 nec
436 2304 519 2365 bene
541 2303 603 2365 sibi
624 2303 774 2380 consulit,
790 2303 847 2386 qui
868 2325 911 2365 ex
926 2303 1048 2385 impetu
1064 2305 1114 2366 rel
1135 2305 1194 2367 ob-

238 2405 372 2467 stinacia
387 2403 505 2467 damna
519 2405 716 2487 multiplicat.
761 2405 837 2467 Hoc
851 2413 957 2467 tamen
972 2426 1039 2466 non
1055 2404 1192 2468 dicimus

237 2505 324 2589 quod
340 2506 474 2568 velimus
497 2503 653 2588 cujusque
675 2527 813 2568 errorem
834 2506 953 2583 fovere,
969 2505 1026 2568 sed
1048 2528 1089 2569 ue
1105 2528 1190 2582 eum,

237 2609 289 2671 cui
311 2608 464 2671 tenemini
487 2629 529 2669 cx
545 2607 652 2671 debito
677 2619 798 2671 naturae
821 2619 854 2671 et
875 2609 973 2671 officii
997 2611 1192 2692 prospicere,

237 2706 445 2771 immoderata
465 2708 633 2787 castigatio
660 2708 776 2771 debeat
791 2709 840 2770 vel
864 2709 966 2791 possit
987 2710 1022 2770 in
1045 2711 1193 2773 ultimum

237 2807 468 2891 desperationis
484 2809 534 2871 vel
550 2808 663 2871 erroris
686 2809 844 2871 calculum
861 2808 1040 2870 detrudere.
1087 2811 1192 2872 Casti·

236 2930 317 2990 gans
346 2910 485 2993 denique
515 2909 650 2989 castigat
675 2908 835 2971 Dominus
866 2929 963 2992 quem
992 2909 1110 2990 diligit,
1135 2911 1192 2974 sed

237 3035 332 3097 quem
357 3013 502 3093 castigat,
529 3012 676 3096 nunquid
699 3011 792 3074 morti
818 3011 914 3073 tradit
940 3013 992 3073 vel
1017 3013 1113 3074 errori
1135 3034 1191 3076 ue·
1293 3080 1296 3086 ,

237 3115 353 3198 putat?
391 3117 475 3179 Sane
497 3115 553 3199 qui
569 3116 699 3177 verbera
718 3113 817 3197 patris
837 3112 934 3177 habet
958 3114 1066 3176 matris
1088 3116 1192 3178 uberi·
1243 3144 1245 3148 ·

236 3219 297 3281 bus
321 3239 426 3282 carere
448 3239 515 3280 non
539 3217 644 3280 debet.
689 3217 735 3279 Et
753 3217 832 3280 licet
854 3237 928 3279 caro
947 3217 1076 3300 propria
1097 3218 1191 3281 nobis

237 3320 422 3384 continuam
449 3320 573 3382 indicat
594 3340 748 3402 pugnam,
772 3318 920 3403 nunquid
943 3331 1111 3403 propterea
1132 3342 1191 3404 po·

237 3420 327 3482 testis
343 3442 413 3483 eam
429 3417 591 3503 abjicere?
625 3420 728 3483 lmmo
744 3421 896 3482 tenemini
912 3421 941 3483 ei
952 3422 1001 3484 vel
1012 3422 1192 3486 necessaria

238 3522 424 3586 ministrare.
471 3523 536 3595 Qui
556 3522 653 3604 igitur
668 3521 708 3584 de
731 3544 765 3585 se
787 3523 973 3606 hujusmodi
995 3545 1061 3586 uon
1084 3535 1192 3609 potest

238 3625 357 3688 habere
373 3623 551 3704 victoriam,
564 3646 630 3687 non
653 3625 752 3688 habet
773 3627 855 3689 ultra
876 3626 1007 3689 modum
1031 3627 1191 3690 molestari

240 3748 336 3810 super
366 3726 470 3790 alieno
500 3748 648 3790 excessu.
709 3726 859 3812 Soipsum
890 3728 976 3791 enim
1006 3727 1105 3792 habet
1133 3749 1191 3791 ex·

241 3829 383 3910 emplum
408 3828 541 3912 qualiter
557 3828 673 3892 debeat
694 3851 727 3892 se
753 3829 869 3892 habere
891 3830 976 3893 circa
995 3829 1190 3911 proximum.

160 3989 162 3994 ,
240 3929 293 3992 Ad
310 3931 380 3994 haec
400 3931 494 3993 irater
516 3930 626 4013 ntique
648 3940 763 4008 vester,
783 3932 857 3995 licet
877 3931 1091 3994 inconsultius
1113 3929 1190 3993 hac-

240 4044 334 4094 tenus
350 4032 460 4112 egerit,
471 4040 578 4095 tamen
593 4032 625 4094 in
641 4032 702 4096 hoc
718 4035 917 4117 aliquatenus
930 4045 1061 4095 vestram
1077 4030 1190 4095 debuit
