2864 4598
561 539 565 544 ·
623 508 801 554 EPISTOLAE·

500 985 503 988 ,
548 928 769 990 EPISTOLA
801 929 873 991 XV.

311 1154 460 1207 ,Jonnms
474 1155 517 1199 nn
534 1152 680 1198 ernanus
694 1153 737 1196 an
753 1151 934 1197 nmvnnsos
949 1149 1093 1196 nonnos,

239 1344 395 1407 Omnibus
413 1345 538 1407 Christi
541 1345 712 1426 fidelibus,
723 1347 769 1408 nd
783 1368 859 1430 quos
873 1367 1015 1427 presens
1029 1350 1187 1429 scriptum

275 1448 469 1524 pervenerit,
480 1446 645 1508 Jolmmres
660 1447 700 1508 de
715 1447 866 1526 Ripnriis
882 1448 983 1522 miles,
998 1448 1136 1510 salntem
1153 1451 1189 1510 in

279 1549 429 1610 Domino.

280 1771 437 1831 Novem
459 1770 648 1834 universitas
671 1779 773 1833 restra
796 1771 893 1854 qnod,
912 1794 1011 1855 quum
1033 1772 1188 1854 placitum

236 1871 270 1933 in
291 1870 379 1932 curia
398 1869 520 1932 domini
541 1872 626 1953 regis
645 1880 731 1934 esset
750 1881 883 1949 motum,
898 1873 981 1936 inter
995 1873 1144 1935 abbatem
1160 1884 1192 1936 et
1251 1902 1254 1905 ‘¹

237 1981 428 2035 conventum
441 1970 482 2033 de
495 1973 603 2034 Becco
616 1973 790 2035 Herlerrini
805 1994 863 2056 per
877 1975 1002 2037 fratrem
1015 1975 1190 2038 Ricardum

238 2073 278 2136 de
300 2074 552 2136 Flammamville
573 2085 810 2157 procuratorem
831 2075 1005 2139 eorundem
1024 2078 1057 2138 in
1073 2076 1191 2158 Anglia

172 2228 173 2231 ,
238 2177 419 2256 generalem
441 2186 606 2258 petentem
629 2197 671 2238 ex
691 2188 779 2259 parte
800 2199 865 2240 una
881 2190 912 2240 et
926 2199 977 2241 me
997 2178 1191 2242 detinentem

238 2299 280 2340 ex
295 2289 386 2360 parte
402 2278 502 2339 altera
517 2276 675 2340 decimam
693 2299 749 2341 sen
764 2280 999 2361 eleemosynam
1019 2281 1191 2343 barbarum

207 2433 208 2437 ,
237 2379 334 2441 totius
351 2376 503 2441 dominici
519 2378 551 2440 in
568 2379 643 2441 villa
659 2380 698 2442 de
713 2381 903 2443 Stokbasset
922 2392 996 2463 post
1015 2383 1191 2461 legitimam

238 2480 396 2543 decimam
412 2481 527 2543 rectori
542 2480 686 2564 ejusdem
707 2482 771 2545 loci
786 2483 934 2560 solutam,
950 2505 1044 2566 quam
1062 2484 1190 2567 quidem

239 2581 397 2644 decimam
413 2583 477 2643 sive
494 2584 731 2665 eleemosynam
743 2581 849 2646 dictus
860 2584 961 2646 abbas
972 2592 1004 2647 et
1016 2596 1191 2647 conventus

238 2685 278 2744 ab
289 2683 420 2764 antiqno
430 2682 594 2767 percipere
605 2693 915 2764 consueverunt,ego
925 2682 1029 2745 dictus
1037 2685 1191 2758 Joannes‚

238 2804 317 2845 sano
342 2793 436 2846 utens
462 2783 608 2856 consili0,
634 2782 752 2844 dictam
779 2780 937 2843 decimam
964 2781 1031 2843 sive
1054 2783 1190 2844 eleemo-

239 2906 350 2966 synam
361 2904 448 2946 more
460 2884 554 2946 solito
565 2904 623 2965 pro
636 2883 736 2944 salute
748 2882 862 2944 animae
874 2902 953 2943 meae
970 2903 1007 2944 ac
1023 2893 1189 2963 parentum

238 3005 391 3061 meorum,
406 3003 463 3064 pro
483 3003 534 3044 me
550 2990 581 3043 et
596 2981 836 3044 successoribus
855 2981 936 3042 meis
956 2992 988 3043 et
1009 2981 1191 3045 haeredibus

239 3086 305 3147 sive
325 3084 496 3166 assignatis
517 3084 596 3146 meis
617 3084 685 3145 sine
707 3080 958 3145 contradictione
979 3082 1123 3165 qualibet
1139 3084 1189 3145 vel

240 3186 422 3250 detentione
453 3185 584 3268 promisi
611 3195 643 3247 et
667 3183 821 3260 concessi,
843 3182 1005 3265 praedictis
1034 3183 1190 3266 religiosis

239 3298 394 3371 perpetuo
427 3309 496 3349 esse
529 3286 725 3349 solvendam.
781 3287 820 3346 ln
855 3285 946 3367 cujus
975 3287 1019 3348 rei
1049 3288 1188 3349 testimo-

238 3390 327 3451 nium
350 3389 488 3470 sigillum
512 3409 619 3449 meum
641 3386 851 3469 praesentibus
872 3398 920 3448 est
940 3407 1116 3469 appensum
1138 3387 1189 3448 his

240 3491 374 3554 testibus

303 3591 460 3671 Magistro
477 3591 623 3653 Gilberto
639 3588 679 3651 de
696 3587 862 3670 Heywood
878 3587 1005 3664 clerico,

304 3690 447 3752 Domino
463 3691 608 3754 Galsrido
625 3689 664 3751 de
680 3688 872 3769 Swyncomb
888 3688 1065 3769 capellam,

303 3794 428 3855 Joanne
445 3792 485 3854 de
502 3791 687 3868 anenleld,

303 3895 388 3957 Rob.
405 3894 443 3956 (le
461 3895 599 3969 Luches,

306 3995 444 4076 Rogerio
461 3995 500 4056 de
517 3994 707 4092 Codessord,

709 4216 726 4257 F
