2864 4598
312 453 330 510 l
602 463 677 508 vrrs
692 460 809 506 sauorr
824 461 952 506 anona
1178 439 1266 518 [an.

313 612 400 696 poris
414 609 607 688 instantiam,
623 609 695 672 aliis
713 607 956 688 indignantibus
976 605 1202 671 ecclesiasticae
1225 603 1265 666 li·

314 712 444 776 bertatis
469 710 686 775 auctoritatem
710 709 753 773 ad
775 709 872 772 unius
896 708 1037 771 hominis
1060 707 1186 770 libitum
1210 705 1267 768 de·

315 813 430 896 perire.
467 815 555 876 Inter
566 834 647 895 quos
662 832 745 874 uuus
756 811 860 874 acrius
874 810 991 872 institit
1000 809 1128 873 dicens:
1148 809 1167 840 “
1178 807 1266 870 Pub·

316 915 379 980 lica
404 924 546 998 potestas
568 915 734 996 perturbat
756 912 883 975 omnia:
915 911 951 974 in
973 912 1078 994 ipsum
1102 910 1268 974 Christum

317 1015 430 1079 delirat
453 1015 626 1099 iniquitas3
659 1035 823 1097 synagoga
850 1013 975 1076 Satanae
1002 1012 1148 1095 profanat
1173 1030 1267 1074 sanc·

316 1117 453 1180 tuariurn
476 1115 556 1190 Dei;
587 1114 737 1178 sederunt
758 1113 918 1198 principes
941 1122 973 1177 et
995 1122 1213 1176 convenerunt
1231 1111 1267 1172 in

317 1239 415 1280 unum
446 1215 596 1281 adversus
624 1215 807 1279 Christum:
842 1236 936 1277 nemo
965 1225 1051 1278 tutus
1077 1214 1134 1297 qui
1160 1210 1268 1292 diligit

317 1320 516 1402 aequitatem3
540 1316 661 1380 mundo
671 1316 785 1400 judice
808 1317 867 1381 soli
888 1317 1017 1400 sapiunt
1031 1327 1064 1381 et
1079 1324 1267 1379 venerantur

317 1419 415 1484 hodie
441 1420 497 1503 qui
525 1419 663 1503 principi
689 1422 908 1505 obsequuntur
938 1420 980 1484 ad
1008 1420 1152 1482 libitum:
1190 1439 1267 1480 con·

319 1519 420 1584 cussit
447 1521 517 1582 haec
547 1527 720 1602 tempestas
745 1522 840 1585 etiarn
865 1523 1031 1585 columnas
1059 1521 1205 1584 ecclesiae
1234 1527 1268 1580 et

319 1619 394 1682 dum
408 1628 518 1702 pastor
532 1617 683 1704 desipuit,
701 1643 775 1684 oves
791 1620 943 1705 dispersae
959 1622 1085 1684 latitant
1099 1622 1158 1684 sub
1173 1622 1267 1702 lupo:

319 1720 359 1784 de
378 1731 493 1784 caetero
514 1721 586 1804 quis
605 1723 664 1785 erit
683 1724 774 1786 locus
792 1723 995 1802 innocentia,
1010 1723 1083 1806 quis
1106 1721 1203 1784 stabit
1225 1741 1268 1784 ex

318 1822 461 1899 adverso,
486 1824 538 1885 vel
567 1822 640 1906 quis
669 1824 878 1906 triumphabit
906 1823 939 1885 in
970 1825 1093 1906 proelio,
1123 1823 1268 1906 principe

319 1921 446 1986 devicto
458 1920 489 1984 ?”
527 1923 609 1984 Haec
633 1923 761 2006 quidem
785 1925 813 1986 is
832 1926 1050 1988 murmurabat
1064 1923 1120 2007 qui
1140 1943 1269 1986 crucem

317 2023 439 2085 ferebat
456 2029 530 2084 ante
546 2021 843 2107 archiepiscopum:
868 2025 975 2088 caeteri
995 2026 1181 2087 obmutuere
1201 2044 1267 2106 prae

318 2123 474 2204 angustia.
519 2123 565 2185 Et
587 2121 704 2207 adjecit
725 2123 879 2188 audacius
901 2146 1065 2188 assumens
1085 2124 1270 2207 parabolam

318 2222 352 2285 in
374 2223 462 2286 hunc
484 2223 632 2287 modum:
659 2224 779 2296 “Quid
804 2226 933 2310 (inquit)
959 2225 1084 2288 virtutis
1110 2225 1170 2287 sibi
1193 2225 1267 2287 reti-

317 2324 397 2402 nuit,
413 2324 467 2408 qui
482 2324 710 2388 conscientiam
734 2325 874 2408 perdidit
896 2338 928 2389 et
946 2326 1062 2389 famam
1074 2324 1106 2388 l”
1128 2327 1148 2358 “
1165 2326 1266 2398 Quor-

318 2428 417 2506 sum,”
437 2427 482 2491 ait
500 2427 773 2511 archiepiscopus,
787 2429 807 2461 “
823 2429 904 2506 haec,
928 2428 973 2491 fili
984 2427 1015 2491 ?’'
1037 2430 1057 2461 “
1074 2429 1121 2492 Te
1141 2429 1266 2512 ipsum'’

317 2527 422 2610 inquit
436 2527 455 2560 “
471 2527 505 2591 id
520 2527 658 2610 respicit,
674 2529 730 2610 qui
744 2528 841 2592 hodie
857 2530 988 2592 omnino
1009 2528 1174 2612 perdidisti
1190 2550 1267 2591 eon·

318 2629 485 2692 scientiam
511 2640 543 2693 et
565 2629 692 2704 famam,
719 2631 791 2695 Deo
814 2631 925 2695 odibili
948 2643 981 2695 et
1005 2633 1165 2696 honestati
1191 2653 1268 2695 con-

317 2731 413 2794 trario
442 2733 592 2814 exemplo
620 2730 655 2794 in
685 2743 847 2814 posterum
876 2734 999 2812 relicto,
1027 2756 1127 2817 quum
1155 2755 1270 2798 manus

319 2838 390 2892 tuas
407 2829 478 2893 Deo
498 2841 635 2895 sacratas
658 2829 697 2895 ad
721 2831 933 2895 exsecrandas
948 2832 1197 2896 consuetudines
1212 2834 1269 2895 ob-

319 2931 491 2996 servandas
519 2932 720 3011 extenderes,
745 2945 776 2997 et
801 2934 835 2995 in
866 2933 1088 2997 confusionem
1116 2934 1271 2998 libertatis

319 3033 547 3097 ecclesiasticae
569 3056 642 3097 cum
663 3034 792 3098 nefariis
810 3035 936 3098 Satanae
958 3035 1110 3097 ministris
1128 3057 1271 3098 commu-

320 3125 473 3197 nicares?
518 3137 680 3216 Ingemuit
701 3135 797 3217 igitur
822 3137 1085 3220 archiepiscopus
1110 3147 1142 3201 et
1168 3138 1270 3220 suspi-

321 3255 406 3312 rans,
421 3235 481 3298 ait:
505 3235 525 3267 “
537 3235 682 3298 Poeniteo
698 3247 731 3298 et
749 3237 885 3315 graviter
901 3260 1007 3302 meum
1024 3239 1271 3322 perhorrescens

322 3356 501 3413 excessum,
522 3358 572 3398 me
595 3337 701 3418 ipsum
720 3337 887 3419 indignum
902 3339 1016 3423 judico
1034 3340 1075 3403 de
1097 3352 1211 3405 caetero
1227 3339 1270 3402 ad

322 3458 396 3500 eum
419 3435 571 3499 accedere
596 3437 629 3498 in
653 3437 841 3516 sacerdotio,
864 3439 903 3502 de
927 3440 1018 3526 eujus
1041 3440 1181 3504 ecclesia
1205 3452 1270 3503 tam

321 3539 383 3602 vile
409 3538 554 3601 contraxi
581 3540 824 3603 commercium:
848 3542 949 3605 silebo
970 3543 1079 3626 itaque
1101 3542 1216 3606 sedens
1235 3542 1270 3604 in

322 3659 467 3716 moerore,
483 3637 585 3701 donec
602 3659 652 3700 me
674 3638 847 3703 visitaverit
868 3641 972 3703 oriens
995 3662 1037 3703 ex
1058 3641 1135 3716 alto,
1156 3651 1193 3703 ut
1213 3660 1272 3723 per

321 3739 428 3821 ipsum
442 3738 549 3801 Deum
565 3747 597 3800 et
612 3737 776 3800 dominum
791 3760 907 3822 papam
922 3763 1042 3804 merear
1055 3742 1206 3805 absolvi.”

367 3836 397 3921 §.
413 3847 443 3903 4.
470 3841 647 3923 Statimque
676 3840 811 3922 proinde
840 3844 995 3906 nuncium
1025 3844 1197 3908 destinavit
1228 3846 1270 3910 ad

323 3942 432 4007 sedem
449 3943 668 4027 apostolicam.
714 3943 857 4007 Inuotuit
871 3945 996 4009 interim
1017 3946 1052 4009 id
1073 3947 1179 4029 ipsum
1194 3949 1271 4031 regi,

324 4045 411 4128 quod
432 4043 692 4126 archiepiscopus
717 4043 758 4106 ab
783 4042 837 4106 illa
859 4046 1042 4127 supradicta
1064 4051 1271 4130 compromis-
