2864 4598
300 449 341 504 24
597 459 675 503 vrrs
690 458 806 504 sanum
823 458 950 502 suorum
1160 440 1206 520 [A.
1220 461 1252 503 n.

301 606 453 688 recipere,
469 604 547 667 dum
562 618 593 668 te
614 605 648 667 in
668 606 823 684 integrum
847 604 994 668 ducimus
1013 604 1254 669 restituendum

301 710 346 771 Et
360 709 483 786 merito,
499 730 595 792 quem
618 709 788 793 multiplici
811 728 926 789 genere
949 694 1134 771 tentationis
1154 709 1256 770 virum

301 813 469 896 probatum
491 813 649 890 novimus,
672 810 842 894 providum
865 821 897 873 et
921 810 1105 888 discretum,
1130 812 1203 874 Deo
1225 822 1257 872 et

300 914 483 977 homiuibus
499 935 619 990 carum,
634 915 729 976 nobis
745 927 777 976 et
792 925 912 975 sauctae
932 913 1088 976 Romanae
1109 912 1254 976 ecclesiae

301 1038 358 1100 per
379 1016 487 1079 omnia
510 1015 647 1078 fidelem.
693 1016 738 1078 Et
757 1015 977 1078 sicut'nostrae
1000 1014 1257 1097 persequutionis

299 1119 403 1181 factus
425 1140 460 1180 es
481 1118 644 1200 particeps
674 1129 706 1179 et
735 1138 866 1180 consors
895 1115 1093 1194 individuus,
1115 1115 1161 1179 ita
1182 1115 1254 1193 tibi,

301 1221 372 1283 Deo
394 1231 532 1295 auctore,
547 1219 581 1280 in
602 1219 692 1280 nullo
714 1218 823 1281 deesse
844 1218 1031 1301 poterimus,
1047 1217 1200 1299 quamdiu
1219 1218 1255 1279 in

300 1320 361 1382 hoo
378 1340 509 1399 corpore
525 1319 629 1380 vitalis
645 1317 805 1381 duraverit
825 1319 965 1400 spiritus.
1010 1319 1130 1381 Verum
1146 1318 1256 1381 hacte-

301 1442 362 1483 nus
381 1419 505 1483 deliciis
525 1419 671 1497 affluens,
687 1432 723 1482 ut
744 1421 783 1483 de
806 1432 920 1483 caetero
941 1420 1048 1483 discas
1071 1440 1151 1497 esse,
1167 1420 1255 1503 quod

301 1522 411 1599 debes,
433 1542 609 1605 pauperum
636 1523 828 1599 consolator,
850 1543 911 1585 nec
935 1521 970 1584 id
993 1521 1102 1585 doceri
1123 1522 1255 1604 poteris,

300 1624 363 1687 nisi
387 1623 523 1687 docente
546 1624 708 1705 religionis
730 1639 839 1701 matre,
862 1625 934 1706 ipsa
955 1632 1154 1707 paupertate,
1176 1644 1254 1706 pau-

301 1725 430 1807 peribus
446 1723 565 1786 Christi
585 1732 616 1786 te
636 1723 789 1787 duximus
804 1722 1105 1787 commendandum.
1155 1724 1255 1801 Huic,

301 1827 445 1909 inquam,
457 1824 565 1887 abbati
577 1824 847 1900 Pontiniacensi,”
860 1823 937 1900 (erat
952 1825 1042 1888 enim*
1053 1825 1099 1888 ibi
1114 1838 1254 1909 praesens

301 1950 344 1990 ex
374 1926 547 2005 condicta)
571 1926 590 1957 “
607 1935 639 1987 et
660 1925 726 1988 suis
750 1926 897 1988 fratribus
923 1925 1153 2004 educandum3⁴
1178 1934 1255 2000 non,

302 2027 482 2113 splendide,
495 2026 552 2089 sed
568 2027 766 2108 simpliciter,
777 2039 813 2091 ut
828 2028 923 2091 decet
937 2029 1075 2105 exulem,
1087 2039 1119 2093 et
1134 2029 1255 2094 Christi

302 2129 465 2204 athletam,
479 2129 563 2191 inter
583 2149 664 2212 quos
687 2150 761 2192 cum
783 2131 897 2213 paucis
916 2140 949 2193 et
967 2132 1164 2209 necessariis,
1182 2132 1255 2194 reli·

303 2232 375 2316 quis
395 2231 490 2294 sociis
513 2252 571 2313 per
591 2232 713 2294 amicos
737 2231 858 2307 divisis,
874 2243 1000 2315 oportet
1014 2244 1045 2295 te
1065 2232 1107 2295 ad
1127 2245 1255 2317 tempus

302 2333 490 2408 conversari,
513 2332 616 2395 donec
639 2333 847 2415 adspiraverit
870 2333 938 2397 dies
961 2335 1200 2413 consolationis,
1223 2348 1255 2399 et

304 2445 430 2517 tempus
452 2434 543 2517 pacis
565 2434 704 2517 desuper
725 2434 765 2497 ad
785 2456 845 2498 nos
865 2435 1076 2500 descenderit.
1121 2439 1256 2501 Interim

304 2546 408 2597 autem
433 2536 504 2597 sorti
525 2537 632 2598 animo
653 2548 731 2614 esto,
747 2548 779 2598 et
793 2537 844 2599 his
860 2538 914 2620 qui
930 2558 1043 2621 paoem
1057 2542 1254 2621 perturbant,

303 2637 414 2699 resiste
429 2637 589 2702 vi1·iliter.”

348 2733 376 2818 ᾧ.
394 2743 446 2802 29.
470 2743 614 2823 Accepta
634 2741 742 2824 itaque
764 2743 990 2807 benedictione
1006 2743 1155 2807 dominus
1170 2745 1255 2808 Can·

303 2842 473 2906 tuariensis
488 2865 560 2906 cum
577 2845 688 2927 paucis
702 2845 920 2924 familiaribus,
935 2847 1068 2922 casteria,
1083 2857 1120 2909 ut
1134 2839 1255 2912 dictum

305 2956 363 3020 est,
379 2945 459 3008 alias
475 2944 651 3023 destinatis,
667 2946 892 3010 Pontiniacum
912 2947 1085 3027 ingressus
1096 2947 1257 3032 judicavit

305 3068 426 3109 senon
454 3047 613 3129 condigne
642 3070 749 3111 curam
778 3049 969 3132 pastoralem
992 3049 1033 3111 de
1055 3070 1153 3112 manu
1178 3071 1255 3133 apo-

304 3149 418 3211 stolica
432 3149 609 3230 accepisse,
625 3150 688 3210 nisi
703 3151 799 3212 etiam
814 3161 845 3214 et
860 3150 1002 3213 habitum
1025 3151 1189 3232 religionis
1208 3173 1261 3215 re-

305 3249 438 3328 ciperet:
462 3249 609 3310 nimirum
626 3248 730 3330 quiin
746 3249 924 3333 episcopali
939 3250 1014 3314 sede
1029 3252 1256 3336 primogenitos

306 3348 390 3411 filios
411 3369 485 3410 suos
506 3349 681 3411 monachos
700 3349 833 3413 haberet
850 3373 968 3432 regere,
984 3363 1016 3414 et
1030 3376 1049 3416 a
1062 3354 1164 3437 prima
1185 3354 1255 3416 fun-
1344 3412 1345 3417 ,

307 3447 436 3512 (latione
467 3450 705 3514 Cantuariensis
735 3453 880 3515 ecclesiae
916 3455 1018 3539 ipsius
1053 3468 1195 3537 pastores
1225 3468 1257 3518 et

306 3551 477 3633 episcopos
495 3550 641 3614 didicerit
662 3553 726 3615 fere
748 3575 859 3618 omnes
880 3558 1055 3619 monachos
1068 3553 1179 3629 fuisse,
1194 3577 1256 3620 nec

305 3651 481 3714 secuudum
498 3661 636 3714 veterum
655 3653 802 3717 historias
822 3655 960 3738 aliquam
980 3657 1068 3736 regni
1085 3656 1255 3719 scissmam

306 3755 356 3815 vel
379 3753 619 3816 translationem
643 3754 810 3829 accidisse,
833 3755 896 3817 nisi
921 3758 998 3819 dum
1022 3757 1096 3839 quis
1125 3758 1256 3821 alterius

304 3854 513 3938 professionis
542 3854 781 3919 Cantuariensis
814 3857 960 3920 ecclesiae
989 3858 1259 3925 administrationi,

304 3956 471 4039 praeluerit.
517 3958 628 4020 Missis
650 3959 745 4039 igitur
767 3960 900 4041 proinde
923 3963 1061 4041 nunciis,
1080 3961 1203 4026 remisit
1225 3961 1255 4025 ei

303 4058 453 4120 domiuus
490 4080 574 4141 papa
610 4059 754 4123 habitum
789 4063 1021 4140 monachalem,
1052 4086 1146 4148 quem
1183 4064 1254 4147 ipse
