2864 4598
237 420 256 478 6
527 429 603 474 vrrs
618 428 732 474 saucrr
749 428 878 473 rrronn
1101 409 1147 488 [A.
1160 428 1192 472 n.

238 587 307 640 tuto
333 575 401 657 regi
424 575 628 659 responderet
652 574 692 637 de
717 575 777 652 his,
804 596 876 658 quae
901 574 963 638 sibi
987 573 1106 638 fuerint
1132 573 1193 636 ob·

234 678 332 761 jecta.
891 734 901 752 ,

284 774 314 860 b.
330 783 360 843 8.
384 778 581 842 Adveniente
601 779 734 842 termino
762 778 893 842 veniunt
912 787 945 841 et
959 776 1085 855 vocati3
1107 776 1194 840 facta

240 900 368 963 quoque
380 878 535 942 concione
549 879 638 961 apud
653 880 685 942 N
687 879 943 962 orthamptonam
955 878 1104 942 dominus
1118 899 1194 941 nos-

240 992 287 1044 ter
304 981 438 1044 trahitur
451 980 486 1043 in
502 1001 642 1044 oausam.
687 980 837 1045 Seorsum
860 980 969 1064 itaque
989 979 1023 1042 in
1047 979 1194 1044 conclavi

240 1082 425 1146 sedentibus
459 1080 589 1144 domino
626 1081 849 1146 cantuariensi
885 1103 960 1144 cum
990 1081 1193 1164 coepiscopis
1267 1135 1269 1137 .

240 1184 317 1261 suis,
332 1206 375 1248 ex
389 1183 498 1247 edicto
512 1183 595 1264 regis
617 1185 694 1247 seris
710 1182 857 1266 objectis,
872 1204 914 1247 ne
930 1192 1053 1267 pateret
1074 1181 1195 1261 exitus,

240 1287 439 1371 propositum
468 1296 517 1349 est
546 1306 589 1348 ex
619 1294 708 1368 parte
734 1287 821 1368 regia
846 1285 998 1350 adversus
1024 1285 1194 1349 dominum

240 1389 514 1464 (lantoniensem,
530 1386 618 1471 quod
634 1409 732 1471 quum
747 1389 879 1452 haberet
898 1400 1048 1452 vacantes
1065 1386 1192 1470 episco-

239 1503 344 1575 patus,
367 1491 514 1555 abbatias
543 1498 575 1554 et
603 1492 720 1554 multos
745 1490 866 1554 reditus
890 1490 1012 1554 domini
1031 1490 1114 1572 regis
1135 1509 1194 1575 per

239 1615 341 1657 annos
366 1594 520 1677 plurimos
545 1593 581 1656 in
603 1614 700 1655 manu
726 1614 795 1671 sua,
821 1594 941 1656 nullam
964 1594 995 1656 ei
1017 1614 1113 1676 super
1140 1591 1192 1655 his

238 1693 378 1758 reddidit
391 1693 556 1772 rationem,
572 1714 666 1778 quam
682 1693 778 1758 modo
794 1693 856 1757 sibi
879 1714 936 1757 rex
956 1694 1087 1777 requirit
1101 1692 1193 1756 exhi-

238 1797 316 1860 beri.
360 1797 497 1878 “Super
519 1795 598 1872 his,'’
617 1794 724 1877 inquit
745 1793 995 1873 cantuariensis,
1016 1797 1036 1828 “
1052 1794 1193 1879 pruden-

238 1897 336 1961 tiores
351 1897 496 1960 volumus
511 1895 689 1971 consulere,
704 1904 736 1956 et
751 1893 791 1957 de
811 1896 957 1959 consulto
971 1894 1194 1980 respondere.”

239 2000 327 2061 Dum
349 1998 445 2078 igitur
466 1995 606 2059 medium
629 1997 789 2060 silentium
814 2006 957 2060 tenerent
979 1998 1020 2061 ad
1042 1998 1191 2072 invicem,

240 2099 372 2163 domino
388 2097 610 2162 cantuariensi
624 2097 659 2160 id
674 2099 864 2182 requirente,
879 2099 1043 2163 Gilbertus
1063 2098 1192 2162 Londo-

239 2199 361 2264 niensis
372 2197 553 2281 episcopus,
563 2196 705 2261 decanus
716 2199 825 2282 utique
838 2200 1077 2264 cantuariensis
1088 2201 1191 2264 eccle-

240 2301 295 2365 siae
310 2299 478 2365 etidcirco
492 2308 566 2384 post
578 2298 839 2364 Cantuariensem
854 2302 889 2364 in
905 2303 1040 2366 consilio
1054 2301 1190 2385 primus:

240 2404 261 2438 “
272 2404 317 2478 si,
333 2403 438 2487 pater”
454 2403 561 2486 inquit
576 2403 723 2467 “recolis
737 2403 825 2468 unde
840 2414 871 2468 te
887 2404 1037 2468 dominus
1050 2425 1110 2468 rex
1124 2426 1193 2469 sus·

238 2506 354 2582 tulerit,
363 2505 442 2588 quid
456 2505 515 2568 tibi
526 2506 704 2581 contulerit,
720 2506 920 2571 considerata
933 2520 1112 2592 temporum
1126 2529 1192 2570 ma-

237 2605 317 2683 litia,
332 2627 428 2689 quam
451 2606 575 2670 ruinam
591 2605 766 2670 catholicae
789 2608 936 2672 ecclesiae
959 2621 991 2672 et
1011 2609 1106 2672 nobis
1125 2629 1192 2672 om·

238 2708 333 2770 nibus
352 2707 521 2790 paraveris,
537 2708 564 2771 si
579 2708 612 2770 in
627 2706 679 2770 his
693 2708 761 2790 regi
781 2708 926 2772 resistere
950 2710 1103 2774 volueris:
1125 2731 1192 2774 non
1230 2740 1231 2743 ¹

239 2809 342 2872 solum
363 2808 654 2893 archiepiscopatui
669 2807 904 2888 cantuariensi,
919 2811 1027 2876 sedin
1042 2811 1192 2895 decuplo,

239 2912 266 2974 si
287 2911 365 2977 tanti
384 2910 508 2989 fuisset,
527 2911 640 2975 cedere
663 2909 812 2975 deberes:
840 2924 871 2976 et
891 2912 1034 2990 forsitan,
1056 2913 1083 2977 si
1105 2914 1190 2978 hano

237 3015 271 3076 in
293 3025 325 3078 te
347 3035 406 3077 rex
428 3013 542 3077 viderit
561 3012 783 3092 humilitatem,
798 3024 829 3076 te
848 3014 882 3076 in
904 3015 1087 3078 universum
1101 3014 1191 3078 resti-

238 3115 337 3178 tuet.'’
380 3116 400 3148 “
414 3111 524 3194 Satis,”
540 3114 647 3196 inquit
663 3112 912 3193 Cautuariensis,
927 3114 1099 3178 “innotuit
1114 3113 1192 3199 quid

238 3214 386 3276 consulto
401 3214 634 3295 responderis.”

283 3309 313 3395 b.
334 3318 364 3376 9.
394 3313 521 3377 Deinde
557 3315 720 3379 Henricus
752 3316 985 3381 Wintoniensis
1019 3318 1192 3399 episeopus

239 3416 425 3480 subintulit:
460 3417 480 3448 “
497 3417 600 3480 Haec”
625 3419 670 3481 ait
694 3420 715 3450 “
732 3417 833 3482 sorma
861 3420 990 3483 consilii
1014 3419 1191 3483 Catholicae

239 3518 384 3583 ecclesiae
398 3520 526 3602 penitus
541 3519 722 3603 perniciosa
736 3542 797 3584 nos
813 3542 924 3585 omnes
935 3522 1056 3604 obligat
1070 3532 1102 3585 et
1116 3541 1192 3585 con-

238 3619 354 3684 fundit.
408 3620 504 3694 Quod
534 3622 562 3686 si
591 3622 853 3707 archiepiscopus
889 3633 997 3687 noster
1026 3633 1059 3686 et
1093 3621 1191 3687 totius

240 3720 365 3803 Angliae
387 3722 505 3805 primas
528 3725 622 3787 nobis
643 3724 679 3788 id
701 3725 865 3809 reliquerit
886 3727 1081 3809 exemplum,
1096 3733 1132 3789 ut
1148 3724 1191 3787 ad

237 3834 351 3888 nutum
363 3835 395 3888 et
408 3826 686 3890 comminationem
696 3827 852 3911 principis
863 3828 1043 3892 auctoritati
1058 3836 1090 3891 et
1105 3846 1190 3891 curae

238 3929 413 3992 animarum
437 3927 498 3990 sibi
521 3929 698 3993 commissae
722 3931 856 4014 quisque
881 3930 1051 4014 episcopus
1074 3930 1191 3993 debeat

238 4030 361 4107 cedere,
384 4030 456 4112 quis
480 4031 537 4093 erit
563 4029 603 4094 de
626 4041 740 4094 caetero
765 4040 864 4095 status
891 4032 1047 4111 ecclesiae,
1069 4031 1132 4094 nisi
1154 4042 1190 4093 ut
