2864 4598
634 442 811 487 nersroma.
1154 432 1196 488 37

237 589 316 652 terio
352 589 447 651 bonae
477 589 636 650 memoriae
667 588 832 670 quondam
863 588 1008 651 Roll'ensi
1039 592 1192 675 episcopo

238 690 471 773 consepultum,
494 701 526 752 et
544 689 621 752 inde
643 712 702 773 per
721 712 851 752 manum
876 690 939 773 piae
963 693 1194 757 recordationis

236 791 369 856 Ricardi
393 803 468 854 tunc
491 792 643 873 temporis
664 791 899 874 archiepiscopi
921 803 1111 872 extractum,
1126 816 1193 858 mo-

237 894 333 957 nachi
349 895 518 956 Roffenses
541 893 646 956 denuo
662 914 736 955 cum
752 893 945 954 Waleranno
968 895 1121 979 episcopo
1145 917 1192 960 se-

240 997 405 1079 pelierunt.
452 995 615 1068 Quocirca
636 994 859 1077 paternitatem
884 1005 1020 1057 vestram
1043 1018 1193 1078 rogamus

239 1098 402 1176 attentius,
418 1109 453 1161 ut
467 1106 571 1160 vestra
587 1097 663 1158 velit
679 1095 828 1158 discretio
844 1096 895 1159 his
917 1105 949 1158 et
969 1094 1040 1161 aliis
1055 1109 1193 1162 mentem

238 1221 410 1284 apponere,
436 1209 469 1262 et
494 1219 567 1281 quae
591 1209 784 1281 praesumpta
810 1210 884 1261 sunt
914 1198 958 1262 ita
988 1199 1119 1264 demum
1144 1223 1193 1265 re-

239 1301 383 1381 formare,
414 1302 566 1384 quatinus
596 1301 838 1365 commissarum
869 1300 959 1363 robis
990 1302 1096 1365 ovium
1124 1305 1194 1366 uni-

238 1404 368 1466 versitas
384 1403 501 1467 debeat
516 1414 548 1465 et
562 1402 663 1486 possit
679 1402 794 1485 pariter
808 1401 978 1465 nobiscum
993 1403 1027 1465 in
1043 1405 1194 1488 operibus

239 1506 351 1568 vestris
367 1505 478 1568 Deum
494 1504 680 1586 glorificare.

281 1607 365 1670 Sane
382 1607 422 1670 de
437 1605 654 1670 Landaviensi
670 1607 773 1668 electo
788 1605 823 1667 id
838 1604 1019 1688 adjicimus,
1035 1607 1111 1689 quia
1126 1609 1190 1690 pri-

241 1729 311 1771 mus
326 1719 375 1772 est
395 1730 452 1794 per
468 1731 523 1772 vos
539 1705 787 1784 consecrandus,
804 1707 901 1790 hujus
920 1708 1194 1772 consecrationem

238 1809 271 1871 in
287 1810 359 1893 ipsa
373 1810 449 1875 sede
465 1810 629 1881 celebrari,
641 1809 667 1870 si
679 1807 747 1870 fieri
763 1816 883 1891 posset,
897 1819 1020 1888 gratum
1037 1818 1120 1871 esset
1134 1831 1192 1872 no-

239 1912 290 1974 bis
311 1920 343 1973 et
363 1921 544 1992 acceptum.
589 1910 709 1971 Verum
724 1908 780 1970 ubi
796 1908 971 1971 necessitas
986 1908 1056 1992 ipsa
1070 1908 1195 1973 inducit

240 2013 521 2096 dispensationem,
546 2021 658 2075 restrae
689 2010 750 2072 erit
775 2010 977 2087 discretionis
1006 2007 1040 2071 id
1069 2011 1193 2095 prospi-

242 2136 322 2179 cere.

282 2218 382 2281 Porro
403 2239 500 2301 super
514 2216 720 2280 translatione
735 2216 822 2278 beati
843 2218 987 2298 martyris
1003 2217 1138 2279 Thomae
1162 2227 1194 2279 et

242 2319 311 2403 ejus
334 2320 479 2396 termino,
503 2319 619 2382 certius
643 2317 720 2401 qnid
743 2316 942 2381 determinari
968 2327 1136 2402 oporteret,
1160 2329 1196 2380 ut

241 2424 425 2487 nationibus
449 2422 602 2484 universis
626 2442 696 2503 quae
720 2421 755 2483 id
777 2420 958 2483 desiderant
977 2421 1079 2504 possit
1101 2421 1195 2484 inno-

242 2537 374 2603 tescere,
389 2525 524 2608 qualiter
539 2535 571 2587 et
585 2523 714 2606 quando
736 2523 778 2585 ad
799 2523 931 2603 gloriam
946 2523 1031 2587 illius
1047 2523 1196 2587 solemni·

242 2629 315 2691 tatis
330 2627 457 2690 valeant
478 2627 651 2710 pervenire.
698 2624 749 2688 Ad
771 2624 842 2688 baec
863 2626 940 2708 quia
960 2626 1102 2709 undique
1124 2628 1197 2710 pul·

240 2752 347 2794 samur
367 2741 399 2793 et
421 2729 566 2814 plurimis
582 2750 735 2791 vexamur
750 2729 915 2809 angustiis,
932 2728 1196 2812 praecipuumque

242 2831 282 2894 ad
299 2841 435 2894 vestram
456 2830 681 2914 paternitatem
704 2850 868 2912 speramus
891 2848 950 2889 nos
972 2828 1089 2891 habere
1112 2831 1162 2891 res
1183 2867 1219 2899 ->

243 2935 352 3014 gium3
382 2934 503 2997 idcirco
530 2933 667 3016 priorem
691 2942 835 2994 nostrum
858 2929 899 2992 ad
930 2940 1064 2992 vestram
1085 2931 1198 3011 benig-

242 3036 374 3098 nitatem
400 3035 591 3118 quantoeius
617 3036 688 3096 Deo
713 3045 841 3096 auctore
872 3030 1112 3109 destinabimus,
1139 3034 1196 3095 ob·

242 3137 352 3200 nixius
367 3135 596 3220 supplicantes,
612 3134 761 3218 quatinus
775 3133 809 3195 in
824 3133 876 3195 his
896 3154 969 3216 quae
989 3133 1059 3216 ipse
1075 3156 1118 3198 ex
1141 3157 1198 3199 sua
1221 3167 1223 3170 >

241 3249 329 3321 parte
352 3248 385 3300 et
406 3247 514 3300 nostra
539 3237 628 3298 robis
651 3235 855 3316 suggesserit,
872 3245 976 3298 restra
997 3235 1073 3298 velit
1094 3237 1197 3321 pietas

241 3339 462 3420 benigniorem
478 3359 584 3401 aurem
600 3337 764 3401 inclinare.
809 3337 854 3398 Et
869 3358 925 3420 pro
942 3348 1040 3412 certo,
1056 3338 1083 3399 si
1098 3339 1130 3401 in
1146 3338 1198 3403 bis

241 3443 437 3527 temporibus
460 3444 519 3505 sub
543 3452 646 3505 vestra
666 3450 824 3524 potestate
845 3461 996 3521 cogamur
1019 3463 1076 3524 per
1100 3463 1196 3524 quos-

243 3567 369 3628 cunque
384 3543 566 3606 humiliari:
587 3543 639 3605 bis
655 3543 709 3625 qui
730 3541 827 3604 etiam
842 3543 929 3604 bona
944 3542 1070 3605 sinistre
1093 3546 1197 3608 solent

240 3646 439 3730 interpretari
457 3645 584 3707 dabitur
599 3644 738 3728 apertior
750 3643 847 3706 nobis
861 3642 1038 3706 insultandi
1054 3646 1195 3708 occasio.

244 3748 310 3811 Sed
330 3758 362 3810 et
386 3747 441 3831 qui
461 3748 560 3829 capiti
580 3757 689 3808 nostro
713 3746 875 3826 congessit
894 3746 1113 3823 contumelias
1134 3748 1198 3810 nisi

241 3851 396 3913 invenerit
419 3849 610 3922 obviantem,
627 3848 792 3911 alaesione
816 3849 1031 3910 membrorum
1053 3870 1119 3909 non
1142 3849 1196 3912 de-

164 4015 165 4020 ,
242 3951 341 4013 sistet.
386 3949 556 4012 Modicum
580 3949 712 4034 quidem
727 3969 783 4010 ros
803 3948 938 4010 honorat
958 3947 1015 4031 qui
1033 3968 1092 4010 nos
1109 3970 1195 4030 sper·

241 4053 301 4129 nit,
315 4052 377 4116 nisi
393 4051 474 4113 forte
490 4060 521 4114 et
535 4051 567 4115 in
589 4051 650 4115 hoc
668 4049 839 4113 crediderit
858 4071 892 4111 se
913 4049 986 4130 quis
1002 4048 1093 4112 robis
1117 4073 1195 4134 prae·
