2864 4598
241 435 351 514 ilua]
523 449 617 494 auor.
634 449 740 493 anano
756 448 900 493 rawaas.
1171 427 1189 485 7

238 599 327 661 nulla
349 607 484 678 agantur
506 595 546 658 de
565 596 637 679 jure
662 593 719 658 sed
742 594 850 657 omnia
876 591 1109 657 contundantur
1129 611 1202 673 pro¹

237 697 342 774 libitu,
358 709 389 761 et
404 698 450 761 sic
465 698 525 760 erit
540 697 688 761 sacerdos
699 697 783 759 sicut
793 707 825 759 et
837 696 974 779 populus
985 693 1020 756 ?’'
1044 691 1189 754 Hilarius

236 800 344 884 itaque
365 799 577 863 cicestrensis
598 799 782 880 episcopus,
797 819 872 860 narn
892 796 1012 878 etipse
1031 793 1188 877 gloriosus

238 901 272 963 in
299 902 414 979 verbis,
440 901 626 985 subjunxit:
649 902 669 934 “
685 901 775 963 Nisi”
800 900 904 983 inquit
924 896 1114 981 “temporis
1139 896 1188 959 in·

240 1004 355 1066 stantia
376 1016 409 1067 et
431 1002 609 1066 Catholicae
632 1002 776 1066 ecclesiae
801 998 996 1084 perturbatio
1022 998 1110 1062 aliud
1133 1019 1188 1061 ex·

237 1106 370 1185 igerent,
383 1104 533 1168 standum
548 1105 658 1187 utique
674 1115 758 1167 esset
773 1103 859 1166 verbi
875 1103 1054 1165 sententiar:
1078 1122 1187 1164 verum

239 1208 294 1270 ubi
309 1217 402 1270 nutat
423 1227 583 1270 canonum
606 1206 789 1280 auctoritas,
805 1205 977 1288 plurimum
1000 1205 1187 1268 subtrahen-

239 1309 315 1373 dum
331 1321 378 1374 est
395 1308 564 1384 severitati,
578 1309 656 1372 utin
668 1331 706 1372 eo
719 1309 868 1392 proficiat
883 1308 1089 1392 dispensatio,
1102 1306 1190 1392 quod

238 1421 348 1494 posset
362 1410 520 1474 destmere
537 1431 646 1473 severa
661 1411 827 1474 correctio.
873 1409 999 1474 Censeo
1019 1410 1115 1492 igitur
1135 1430 1189 1472 ce·

239 1512 378 1575 dendum
400 1511 496 1592 regiae
518 1511 687 1589 voluntati,
701 1511 757 1574 sed
778 1511 820 1575 ad
842 1522 978 1595 tempus,
992 1534 1034 1575 ne
1049 1533 1188 1596 praepro·

239 1634 314 1696 pere
340 1611 551 1696 procedamus
572 1610 607 1692 id
629 1621 776 1689 statuere,
799 1611 886 1675 unde
909 1622 1058 1696 sequatur
1083 1613 1190 1676 durior

238 1712 447 1776 retractatio.’'
491 1714 563 1774 Nec
579 1713 647 1774 sine
662 1713 776 1774 rubore
791 1714 963 1795 episcopus
982 1712 1098 1777 deinde
1113 1714 1189 1776 Lin-

241 1811 595 1887 colnicnsisRobertus,
609 1809 748 1892 simplex
769 1809 898 1893 quidem
919 1811 1015 1873 homo
1033 1821 1066 1874 et
1085 1812 1190 1875 minus

241 1914 408 1990 discretus,
431 1913 450 1943 “
466 1895 575 1974 Patet”
593 1910 698 1993 inquit
719 1912 739 1943 ‘⁶
756 1912 852 1975 vitam
877 1912 1017 1976 hominis
1042 1913 1135 1977 istius
1160 1925 1193 1976 et

240 2017 430 2097 sanguinem
454 2016 564 2099 quaeri,
582 2025 614 2077 et
635 2015 816 2079 necessario
836 2017 969 2079 alterum
994 2017 1107 2081 horum
1123 2017 1192 2094 erit,

241 2134 296 2183 aut
313 2117 605 2202 archiepiscopatui
621 2134 676 2180 aut
690 2118 764 2181 vitae
779 2116 968 2181 cedendum.
1014 2120 1096 2193 Quis
1113 2141 1190 2201 ergo

241 2222 360 2286 fructus
376 2221 417 2284 de
432 2221 714 2304 archiepiscopatu
729 2222 905 2303 proveniet,
921 2221 948 2284 si
963 2222 1097 2304 proinde
1117 2222 1191 2285 ritae

241 2322 393 2388 cesserit?
427 2345 486 2387 nec
502 2322 537 2386 id
551 2322 672 2385 video.”
716 2323 914 2387 Exoniensis
937 2335 1042 2387 autem
1064 2325 1190 2407 episco-

239 2447 301 2509 pus
327 2426 581 2488 Bartholomaeus
606 2423 668 2488 ait:
701 2425 722 2456 “
738 2425 849 2488 Palam
875 2435 924 2488 est
947 2427 1097 2510 quoniam
1123 2427 1192 2490 dies

240 2529 316 2591 mali
331 2537 415 2607 sunt,
429 2540 461 2592 et
480 2529 507 2591 si
531 2528 690 2613 possimus
712 2529 772 2591 sub
796 2528 1057 2592 dissimulationis
1079 2530 1191 2592 umbra

240 2630 337 2714 hujus
351 2631 547 2713 tempestatis
561 2631 717 2713 impetum
736 2631 926 2712 pertransire
946 2631 1049 2710 illaesi,
1063 2631 1095 2695 id
1111 2653 1191 2716 prae·

240 2731 334 2816 cipue
348 2730 584 2814 procurandum
599 2741 657 2808 est,
673 2728 731 2792 sed
753 2751 813 2794 nec
835 2729 876 2794 ad
898 2729 934 2792 id
954 2731 993 2794 de
1014 2734 1101 2797 sacili
1122 2756 1205 2817 per--

234 2833 446 2909 -veniendum,
474 2831 538 2893 nisi
567 2831 770 2893 subtrahatur
804 2831 976 2912 plurimum
1011 2835 1191 2900 severitati:

241 2932 396 3015 temporis
417 2930 570 2994 instantia
583 2930 618 2992 id
633 2931 775 3013 requirit,
791 2931 932 2994 maxime
951 2954 1049 3015 quum
1067 2955 1132 2996 non
1152 2936 1194 2999 sit
1228 2932 1231 2939 ’

242 3032 402 3116 generalis
425 3031 481 3094 sed
500 3030 678 3113 personalis
693 3031 763 3094 haec
783 3031 1006 3113 persequutio:
1031 3034 1131 3097 satius
1146 3048 1194 3099 est

240 3136 337 3218 igitur
358 3156 458 3200 unum
481 3143 580 3217 caput
600 3133 632 3195 in
655 3145 744 3216 parte
768 3131 951 3220 periclitari,
975 3157 1071 3218 quam
1094 3148 1192 3201 totam

242 3240 453 3320 Anglicanam
481 3235 652 3300 ecclesiam
681 3234 858 3299 insatiabili
888 3235 1064 3301 discrimini
1090 3261 1192 3324 expo-

241 3341 345 3405 nere.’'
389 3339 624 3422 Wigomiensis
646 3338 818 3422 episcopus
840 3339 1001 3421 Rogcrius
1024 3342 1195 3427 requisitus

242 3451 274 3506 et
288 3442 357 3526 ipse
382 3440 461 3524 quid
482 3439 558 3502 inde
580 3439 720 3517 sentiret,
735 3439 781 3502 ita
795 3441 981 3522 temperavit
994 3462 1193 3526 responsum,

242 3554 278 3605 ut
292 3544 388 3607 etiam
402 3541 552 3622 negando
572 3543 678 3623 palam
697 3541 816 3605 faceret
836 3541 916 3624 quid
937 3543 1036 3606 animi
1054 3545 1193 3612 haberet.

243 3646 263 3677 “
280 3647 309 3707 N
314 3645 431 3708 ullum'’
448 3646 492 3707 ait
506 3645 525 3676 “
542 3644 576 3705 in
591 3644 651 3707 hac
670 3653 756 3727 parte
778 3643 862 3706 dabo
882 3647 1062 3724 consilium,
1078 3651 1154 3731 quia
1168 3649 1196 3713 si

246 3745 356 3809 dixero
372 3768 392 3810 a
406 3747 479 3810 Deo
496 3755 679 3829 susceptam
696 3747 873 3809 animarum
889 3769 997 3830 curam
1018 3748 1060 3812 ad
1077 3752 1196 3834 regiam

246 3849 443 3912 voluntatem
458 3859 489 3912 et
504 3847 785 3912 comminationem
796 3858 943 3930 oportere
957 3851 1105 3934 relinqui,
1120 3873 1197 3915 con·

247 3961 296 4013 tra
318 3950 550 4014 conscientiam
571 3971 674 4013 meam
691 3962 723 4013 et
738 3950 772 4013 in
789 3950 904 4034 capitis
923 3953 985 4014 mei
1003 3952 1197 4016 condemna·

248 4052 367 4115 tionem
393 4053 573 4135 loqueretur
599 4074 635 4115 os
657 4073 782 4115 meum:
807 4052 833 4115 si
856 4053 988 4115 sentiam
1014 4053 1083 4133 regi
1108 4054 1198 4117 resis-
