2864 4598
247 448 355 528 1164]
535 463 630 508 lucr.
647 464 752 509 siano
768 461 913 508 rnwnns.
1159 445 1197 505 19

244 609 338 690 igitur
351 611 486 690 legatos,
502 612 558 694 qui
573 611 656 674 inter
675 608 839 672 domiuum
862 629 967 689 regem
984 617 1015 670 et
1031 608 1197 672 Cantuari-

243 729 353 771 ensem
368 710 495 791 possint
509 731 637 774 causam
653 710 747 773 istam
770 709 893 786 audire,
907 719 940 772 et
954 707 1094 772 auditam
1111 709 1197 772 deci-

244 809 349 874 dere.’'
392 812 437 874 Et
459 812 634 889 subticuit3
661 833 722 874 nec
745 823 819 895 post
841 833 913 874 eum
937 811 1052 894 aliquis
1074 810 1199 894 episco-

242 930 357 995 porum
372 912 512 997 amplius
526 913 660 977 addidit.
706 912 746 976 ld
767 922 874 975 autern
894 911 1007 974 ridens
1028 933 1136 975 comes
1156 911 1197 974 de

243 1013 397 1091 Arundel,
412 1016 519 1078 stabat
533 1015 619 1078 enim
634 1015 669 1077 in
686 1014 797 1077 ordine
815 1035 874 1077 suo
894 1034 967 1077 cum
988 1012 1195 1076 multitudine

241 1114 389 1193 militum,
411 1117 554 1199 postulat
576 1115 779 1179 audientiam.
825 1115 872 1179 Et
893 1116 977 1179 facto
1001 1115 1130 1178 silentio
1147 1116 1196 1176 in·

242 1216 329 1300 quit:
354 1219 376 1253 “
391 1218 545 1293 Domine,
563 1218 650 1302 quod
671 1219 797 1302 loquuti
819 1219 948 1282 fuerunt
968 1218 1124 1301 episcopi,
1138 1239 1198 1280 nos

247 1318 386 1383 illiterati
401 1321 531 1404 penitus
545 1321 737 1402 ignoramus.
762 1319 840 1382 Ideo
853 1331 978 1404 oportet
988 1339 1049 1382 nos
1060 1318 1198 1394 edicere,

242 1418 404 1502 quomodo
429 1441 612 1504 possumus,
635 1419 676 1482 ad
701 1418 788 1501 quod
809 1440 917 1483 sumus
937 1419 1042 1481 missi:
1066 1439 1131 1481 nou
1154 1417 1195 1481 ad

241 1520 304 1584 hoc
332 1521 443 1605 utique
465 1532 501 1584 ut
523 1520 767 1597 contendamus,
788 1520 838 1581 vel
863 1519 1014 1603 cuiquam
1042 1520 1196 1582 faciamus

242 1623 464 1701 contumelias,
485 1624 520 1686 in
543 1631 721 1706 conspectu
748 1621 887 1684 maxime
914 1622 994 1684 tanti
1019 1622 1078 1683 viri
1103 1621 1196 1703 cujus

240 1725 334 1787 nutui
348 1735 381 1787 et
395 1725 575 1788 auctoritati
590 1745 625 1787 se
641 1722 763 1807 dejure
786 1733 870 1785 totus
891 1722 1026 1785 inclinat
1047 1722 1197 1799 mundus,

241 1826 300 1890 sed
325 1827 452 1892 adhoc
477 1827 691 1910 proculdubio
718 1826 874 1900 venimus,
899 1836 936 1888 ut
962 1822 1086 1887 domini
1111 1825 1195 1906 regis

240 1929 340 1992 nostri
356 1929 557 1993 devotionem
572 1939 605 1992 et
620 1949 771 2003 amorem,
786 1947 880 2010 quem
904 1926 990 1990 circa
1011 1947 1069 1990 vos
1089 1947 1195 2008 gerere

242 2032 416 2109 consuevit,
432 2043 464 2095 et
478 2032 583 2095 adhuc
600 2031 692 2112 gerit,
704 2029 739 2091 in
754 2029 925 2112 praesentia
938 2037 1042 2092 vestra
1051 2037 1085 2092 et
1097 2029 1195 2103 totius

240 2132 395 2196 Romanae
425 2134 572 2197 ecclesiae
604 2132 693 2196 vobis
722 2140 961 2214 praesentemus.
1010 2132 1073 2194 Per
1102 2151 1195 2215 quos,

238 2231 388 2316 inquam?
437 2234 501 2298 Per
527 2233 665 2318 majores
694 2245 726 2294 et
754 2231 941 2310 nobiliores,
968 2253 1048 2315 quos
1076 2233 1195 2296 habere

240 2334 346 2416 potuit
366 2335 401 2397 in
424 2337 574 2399 omnibus
596 2335 686 2398 terris
707 2333 771 2397 sibi
791 2333 955 2418 subjectis,
975 2335 1036 2396 hoc
1060 2343 1117 2412 est,
1138 2354 1196 2414 por

240 2437 509 2521 archiepiscopos,
525 2438 709 2521 episcopos,
725 2437 868 2514 comites,
889 2447 921 2500 et
942 2439 1087 2500 barones.
1133 2437 1196 2499 His

240 2539 420 2620 superiores
442 2540 476 2602 in
499 2561 558 2604 sua
579 2550 739 2622 potestate
761 2561 826 2603 non
849 2539 990 2603 invenit:
1015 2552 1047 2602 et
1061 2539 1088 2602 si
1108 2540 1195 2602 inve·

238 2640 351 2718 nisset,
364 2641 474 2724 utique
499 2638 702 2734 destinasset⁸
712 2643 754 2704 ob
776 2641 984 2705 reverentiam
999 2651 1146 2718 vestram,
1161 2654 1193 2703 et

239 2757 358 2808 sanctae
374 2745 530 2808 Romanae
545 2745 701 2809 ecclesiae.
746 2746 811 2808 His
832 2746 1013 2830 adjicimus,
1029 2745 1115 2829 quod
1137 2766 1194 2826 pa·

238 2845 369 2907 temitas
387 2855 490 2908 vestra
515 2845 592 2908 satis
613 2856 746 2927 experta
767 2854 816 2907 est
834 2845 869 2906 in
888 2846 1027 2907 novitate
1043 2866 1109 2907 suae
1124 2865 1196 2927 pro·

238 2948 400 3024 motioniS,
430 2946 552 3009 domini
586 2948 670 3027 regis
705 2945 891 3010 fidelitatem
921 2958 954 3010 et
982 2946 1195 3025 devotionem,

237 3049 314 3113 dum
340 3070 374 3112 se
404 3050 521 3132 ipsum,
545 3069 631 3126 suos,
655 3058 688 3110 et
713 3069 772 3110 sua
796 3048 903 3111 omnia
929 3059 1037 3111 vestrae
1066 3049 1195 3132 penitus

237 3150 391 3236 exposuit
411 3149 588 3213 voluntati:
613 3157 645 3212 et
660 3169 717 3233 pro
739 3160 825 3212 certo
846 3151 905 3212 sub
926 3149 1093 3214 catholicae
1116 3149 1194 3214 fidei

236 3256 369 3332 unitate,
384 3275 480 3339 quam
501 3254 603 3317 habes
622 3252 657 3314 in
677 3251 806 3317 Christo
826 3273 944 3333 regere,
965 3263 1001 3315 ut
1023 3252 1191 3330 credimus,

237 3357 363 3422 fidelior
377 3378 416 3421 eo
431 3377 498 3419 non
517 3364 577 3433 est,
592 3356 642 3418 vel
658 3355 730 3418 Deo
754 3354 908 3433 devotior,
924 3375 982 3418 seu
997 3354 1135 3433 adeam,
1150 3355 1191 3419 ad

238 3478 335 3542 quam
365 3467 547 3542 assumptus
577 3467 637 3535 est,
661 3457 754 3541 pacis
784 3458 1055 3521 conservationem
1084 3458 1192 3521 mode·

237 3562 341 3625 ratior.
379 3561 601 3625 Nihilominus
618 3572 651 3624 et
666 3560 818 3624 dominus
833 3560 1074 3624 Cantuariensis
1090 3561 1193 3624 archi·

236 3664 410 3746 episcopus
435 3663 471 3724 in
494 3683 553 3725 suo
580 3662 680 3742 gradu
703 3669 735 3725 et
761 3661 872 3724 ordine
895 3683 987 3746 aeque
1007 3662 1192 3740 instructus,

236 3764 271 3826 in
285 3763 435 3846 his,'quae
457 3761 498 3825 ad
518 3783 592 3826 enm
610 3762 781 3846 pertinent,
798 3760 951 3844 providus
973 3773 1006 3825 et
1027 3760 1192 3840 discretus,

237 3865 315 3928 licet
328 3875 363 3927 ut
378 3863 572 3946 quibusdam
586 3863 688 3926 visum
705 3874 755 3926 est
768 3863 943 3947 aliquando
958 3863 1054 3926 nimis
1069 3874 1192 3925 acutus.

192 3998 194 4003 ·
238 3967 284 4029 Et
303 3965 366 4029 nisi
384 3965 456 4040 ista,
471 3983 543 4048 quae
563 3985 649 4027 nunc
671 3973 730 4042 est,
745 3964 827 4027 inter
847 3963 1011 4026 dominnm
1032 3984 1137 4043 regem
1160 3975 1193 4024 et

239 4064 404 4128 dominum
424 4063 706 4147 archiepiscopum
727 4073 810 4127 esset
832 4062 999 4139 dissensio,
1012 4081 1144 4139 regnum
1161 4072 1194 4124 et

693 4170 748 4226 0⁶2
