2864 4598
241 427 349 506 1161]
526 444 621 488 auor.
638 443 743 489 imno
759 443 904 488 rnwsus.
1157 429 1194 485 15

236 590 455 672 episcopalem
485 588 629 679 devotius
658 591 806 674 pontifex
835 589 1010 673 impertivit
1042 587 1193 651 benedic·

239 690 368 753 tionem.

282 786 311 872 §.
327 791 376 853 18.
397 791 536 854 Demum
549 811 622 854 vero
634 800 804 874 procurato
816 791 950 854 transitu
962 811 1036 853 cum
1047 789 1195 871 angustia

238 893 355 976 sae'pius
369 877 434 956 huc
451 893 594 977 illucque
616 892 771 976 depulsus
787 893 842 955 vix
862 891 993 955 tandem
1014 892 1050 954 in
1070 913 1193 955 summo

214 1069 220 1078 ¹
239 993 410 1076 dispendio
426 993 452 1056 F
454 994 586 1057 landriae
609 994 744 1078 appulit.
789 993 894 1056 Pedes
921 993 1028 1074 igitur,
1049 992 1125 1076 quia
1148 993 1193 1057 sic

239 1098 391 1180 oportuit,
414 1107 445 1160 et
465 1095 599 1159 indutus
621 1109 709 1159 veste
733 1096 807 1158 alba
829 1104 862 1158 et
890 1094 1065 1159 monachili
1088 1115 1194 1178 cappa

239 1219 335 1282 super
356 1199 506 1280 scapulas
525 1199 639 1281 posita,
657 1199 690 1260 in
713 1208 912 1281 tempestate,
933 1198 1041 1280 pluvia
1062 1208 1094 1261 et
1115 1199 1194 1276 luta,

239 1321 305 1362 non
320 1322 362 1363 ex
378 1301 481 1377 solito,
495 1299 557 1361 iter
576 1300 708 1383 peragit,
723 1310 756 1364 et
776 1299 852 1365 dum
868 1298 1073 1383 pertransiret
1092 1299 1195 1362 obiter

240 1401 358 1464 accidit
381 1400 529 1485 juniores
551 1411 632 1463 stare
655 1412 819 1465 eteorum
842 1401 984 1483 aliquem
1006 1399 1194 1482 accipitrem

240 1511 347 1563 tenere
368 1500 402 1562 in
423 1521 531 1562 manu.
576 1501 718 1585 Visaque
739 1522 797 1564 ave
821 1500 1062 1563 cantuariensis
1085 1520 1124 1561 eo
1146 1501 1194 1562 in·

242 1600 355 1678 tendit,
378 1623 498 1664 memor
518 1601 661 1684 pristinae
684 1602 879 1665 conditionis
899 1612 931 1663 et
956 1602 1075 1663 oblitus
1094 1601 1194 1663 exilii.

242 1701 315 1773 Quo
330 1701 399 1764 viso
413 1702 521 1785 inquit
534 1724 636 1766 unus:
660 1704 680 1735 “
697 1702 742 1766 Ni
757 1702 860 1775 fallor,
877 1721 953 1763 ecce
968 1700 1023 1763 hic
1045 1709 1094 1762 est
1109 1699 1195 1763 Can·

241 1804 409 1867 tuariensis
432 1804 724 1887 archiepiscopus.’'
768 1804 857 1889 Alter
879 1802 935 1879 ait,
955 1802 974 1834 “
992 1801 1114 1864 Fatuus
1140 1823 1195 1878 es;

242 1904 322 1989 quid
341 1927 423 1989 opus
441 1918 490 1969 est
509 1906 735 1971 cantuariensi
756 1903 1004 1986 archiepiscopo
1024 1911 1061 1966 ut
1080 1903 1126 1966 sic
1147 1904 1195 1966 in·

241 2006 335 2070 cedat
344 2005 375 2069 ?”
397 2008 541 2091 Expavit
556 2008 795 2072 Cautuariensis
805 2008 922 2070 timens
938 2005 1055 2086 detegi,
1071 2016 1103 2069 et
1116 2007 1195 2069 forte

242 2109 335 2172 timor
348 2109 404 2172 ille
420 2110 516 2195 hujus
531 2112 681 2174 vanitatis
702 2111 830 2194 culpam
845 2111 916 2193 ipso
932 2118 1077 2192 tempore
1092 2109 1197 2194 potuit

244 2211 375 2275 diluere.

286 2311 316 2396 ξ.
340 2320 390 2378 19.
421 2317 564 2380 Veniens
594 2327 698 2381 autem
727 2338 829 2401 usque
856 2316 988 2380 Clarum
1018 2314 1194 2378 Mariscum

243 2414 364 2499 oppido
394 2417 543 2499 fatigatus
573 2419 702 2502 quievit.
748 2419 914 2502 Deinceps
936 2417 1100 2501 paulisper
1121 2438 1195 2501 pro·

243 2517 363 2582 cedens
381 2519 564 2603 hospitatus
584 2530 633 2583 est
653 2521 741 2604 apud
764 2521 913 2584 cellulam
932 2517 1092 2605 quandam
1109 2516 1196 2582 beati

243 2621 368 2684 Bertini
404 2643 503 2706 prope
540 2623 646 2707 ipsam
683 2624 864 2687 abbatiam:
902 2621 960 2686 ubi
992 2630 1197 2685 occurrerunt

243 2723 274 2785 ei
301 2723 431 2807 quidam
457 2724 640 2800 familiares,
666 2725 721 2808 qui
742 2726 811 2808 jam
832 2725 979 2788 exierant
1005 2723 1045 2786 de
1068 2723 1195 2805 Anglia,

246 2836 278 2887 et
299 2847 373 2888 eum
396 2824 475 2887 inde
500 2824 698 2889 deducentes
721 2824 917 2906 navigando,
937 2835 1005 2887 erat
1026 2825 1111 2887 enim
1133 2823 1198 2886 illis

243 2926 305 2990 iter
325 2946 384 3008 per
413 2947 540 3007 aquam,
562 2947 665 3009 usque
691 2927 733 2988 ad
764 2937 910 2988 sanctum
934 2925 1099 2986 Bertinum
1123 2944 1193 3006 pro·

243 3030 411 3112 parabant.
457 3028 498 3090 In
522 3027 629 3090 eundo
655 3049 728 3090 vero
755 3027 800 3089 ait
829 3025 977 3108 qnidam:
1007 3025 1026 3057 ‘⁴
1044 3024 1195 3098 Domine,

244 3130 392 3211 fatigatus
414 3151 448 3191 es
477 3149 518 3191 ex
544 3128 655 3190 itinere
685 3137 717 3190 et
745 3125 870 3190 venturi
894 3147 1003 3188 sumus
1032 3124 1129 3189 hodie
1156 3124 1198 3189 ad

245 3233 373 3296 eximiae
395 3229 604 3294 humanitatis
620 3228 703 3291 viros
724 3228 779 3312 qui
801 3227 975 3312 plurimum
996 3230 1196 3309 congratula-

244 3336 364 3398 buntur
375 3334 433 3398 tibi
448 3334 481 3396 in
494 3331 635 3396 Domino
647 3331 735 3415 quod
748 3331 868 3395 illaesus
878 3329 1020 3393 evasisti:
1040 3330 1090 3392 sac
1101 3330 1198 3411 igitur

246 3437 409 3502 caritatem
425 3437 475 3514 iis,
489 3449 526 3499 ut
547 3435 582 3498 in
596 3434 737 3498 adventu
751 3444 807 3497 tuo
828 3433 924 3496 hodie
940 3432 1111 3496 comedant
1125 3435 1197 3517 pin-

248 3540 350 3620 guia.”
380 3540 400 3574 “
411 3537 561 3615 Quarta,'’
576 3537 681 3622 inquit
697 3536 848 3599 dominus
860 3535 1107 3610 Cantuariensis,
1120 3538 1199 3602 “est

248 3641 325 3704 feria
350 3653 381 3704 et
407 3651 533 3724 oportet
554 3661 614 3702 nos
637 3638 735 3702 hodie
759 3659 779 3700 a
800 3638 918 3700 talibus
941 3637 1103 3701 abstinere
1112 3638 1140 3701 :’‘
1167 3651 1199 3704 et

248 3740 416 3804 subintulit
440 3741 537 3803 alter:
571 3740 591 3772 “
608 3737 758 3814 Domine,
784 3737 916 3800 forsitan
941 3759 1007 3799 non
1034 3738 1200 3802 abundant

249 3841 392 3925 piscibus
408 3852 439 3904 et
454 3841 613 3924 oportebit
626 3861 687 3902 nos
703 3839 750 3902 eis
765 3837 1054 3902 condescendere.”
1099 3840 1119 3872 “
1130 3840 1198 3903 Do·

248 3940 329 4003 mini
340 3941 416 4018 est‚”
426 3941 532 4024 inquit
543 3941 794 4015 Cantuariensis,
806 3939 870 4002 “id
882 3938 1076 4022 providere.”
1112 3941 1199 4002 Inter

247 4042 445 4126 loquendum
473 4042 571 4125 igitur
599 4043 640 4106 ad
663 4054 778 4106 nutum
804 4042 870 4106 Dei
891 4041 1029 4104 exiliens
1052 4039 1092 4102 de
1115 4060 1200 4122 aqua
