2864 4598
317 413 358 470 34
744 422 842 473 assur

318 573 425 637 leutiae
440 586 552 637 restrae
568 595 677 636 sumus
692 573 836 655 obligati,
848 587 882 637 ut
897 595 962 636 uon
978 573 1084 638 minus
1099 596 1158 658 pro
1170 585 1276 638 vestra

317 674 419 737 salute
442 695 538 757 quam
565 675 744 737 suasimus
768 675 906 738 solliciti.
953 671 1114 738 Nimirum
1137 687 1273 739 vestram

319 776 589 857 magnificentiam
608 776 712 855 nobis,
727 776 810 838 sicut
832 785 864 838 et
885 778 1004 854 multis,
1020 776 1063 839 ad
1085 778 1276 860 profectum,

318 899 383 941 non
399 880 502 942 sulum
524 899 650 941 coronae
674 888 707 941 et
727 879 828 959 regni,
844 878 903 941 sed
922 880 1018 942 etiam
1035 878 1112 942 fidei
1129 890 1162 942 et
1177 878 1274 942 devo·

319 981 416 1043 tionis
440 981 567 1064 reliquit
589 979 761 1058 haeredem,
785 991 830 1056 ut,
852 981 936 1043 sicut
958 982 1028 1065 ipse
1052 980 1220 1064 praecessit
1240 981 1274 1042 in

321 1083 436 1166 spiritu
457 1081 711 1145 mansuetudinis
731 1081 772 1144 ad
794 1081 977 1163 dirigendos
993 1083 1056 1146 sibi
1072 1082 1219 1146 subditos
1241 1083 1275 1144 in

321 1183 404 1245 viam
430 1183 520 1266 pacis
544 1194 576 1244 et
603 1183 851 1265 tranquillitatis,
873 1184 918 1246 ita
942 1192 974 1246 et
996 1194 1099 1246 vestra
1121 1183 1276 1246 serenitas

320 1283 390 1366 ejus
413 1296 562 1366 sequatur
584 1282 726 1364 vestigia,
751 1279 1015 1368 superadjiciens,
1040 1284 1128 1368 quod
1150 1296 1182 1347 et
1204 1284 1275 1367 ipse

322 1384 546 1469 superadjecit,
571 1385 633 1447 hoc
660 1386 701 1448 ad
726 1407 875 1449 coronam
904 1387 998 1468 regiae
1021 1385 1185 1468 dignitatis
1201 1385 1275 1469 jure

321 1487 520 1550 haereditario
544 1497 687 1571 spectare
710 1489 887 1572 praecipue,
907 1488 998 1573 quod
1022 1510 1132 1552 omnes
1153 1488 1276 1565 afflicti,

321 1599 354 1652 et
368 1589 506 1652 maxime
521 1611 579 1674 pro
589 1589 716 1674 justitia
729 1593 911 1669 exulantes,
927 1591 968 1654 ad
988 1613 1023 1654 se
1039 1613 1197 1654 summurn
1221 1589 1274 1653 de·

320 1694 421 1756 beant
435 1691 553 1756 habere
574 1694 741 1774 refugium.
787 1695 826 1756 Iu
852 1716 917 1777 quo
932 1705 964 1756 et
984 1715 1044 1756 nos
1064 1693 1276 1756 indubitatam

321 1817 413 1880 spem
433 1796 652 1880 concepimus,
675 1797 701 1858 si
723 1818 763 1860 ea
784 1807 892 1860 tamen
912 1797 1087 1860 necessitas
1109 1796 1205 1859 nobis
1227 1797 1275 1858 in·

322 1897 450 1980 gruerit,
476 1895 561 1980 quod
589 1897 764 1961 debeamus
788 1908 820 1962 et
845 1919 904 1962 nos
929 1898 962 1960 iu
988 1909 1097 1961 nostra
1121 1897 1275 1981 parvitate

321 1999 463 2062 iuvenire
489 1998 576 2081 apud
607 2000 811 2063 clementiam
840 2009 989 2077 vestram,
1020 1998 1109 2083 quod
1137 1998 1275 2083 majores

320 2101 419 2164 nostri
441 2099 474 2161 in
496 2098 608 2162 eodem
628 2100 677 2163 vel
698 2101 856 2164 consimili
882 2123 960 2166 casu
978 2101 1127 2165 dicuntur
1150 2120 1274 2184 prome·

320 2202 430 2265 ruisse.
476 2201 583 2273 Quum
605 2222 679 2265 vero
702 2202 798 2283 regiae
821 2201 1005 2265 celsitudini
1028 2214 1138 2264 vestrae
1162 2203 1273 2285 placu-

321 2305 381 2369 erit
405 2325 502 2387 super
526 2304 576 2366 his
600 2325 661 2367 nos
686 2305 837 2368 certiores
861 2304 940 2379 fieri,
963 2314 1039 2368 tunc
1066 2303 1196 2366 demum
1223 2303 1274 2365 fir-

320 2409 435 2471 miores
457 2407 573 2469 erimus
595 2405 636 2469 ad
658 2406 705 2482 id,
725 2406 812 2491 quod
833 2407 963 2492 quidam
983 2407 1143 2470 minantur
1159 2406 1276 2483 acrius,

319 2511 431 2573 fortius
460 2509 693 2592 proferendum.
754 2511 790 2572 Si
818 2531 893 2573 vero
924 2509 1130 2573 sublimitatis
1159 2517 1272 2570 vestrae

318 2613 508 2694 rescriptum
532 2611 699 2693 superbis
721 2609 761 2674 de
785 2613 885 2694 gratia
900 2623 1003 2675 vestra
1024 2611 1067 2674 ad
1087 2633 1148 2675 nos
1170 2631 1274 2673 rever·

319 2722 448 2790 teretur,
461 2713 493 2773 iu
511 2711 667 2792 angustiis
686 2712 764 2795 ipsis
785 2713 902 2796 quibus
922 2733 1070 2794 urgemur
1084 2733 1147 2774 non
1169 2709 1273 2773 modi·

319 2832 404 2889 cum,
419 2809 596 2874 maximum
618 2809 713 2873 nobis
736 2809 894 2874 credimus
916 2820 948 2874 et
967 2819 1115 2893 optamus
1136 2806 1273 2871 conferri

318 2913 476 2978 solatium.

650 3210 873 3274 EPISTOLA
898 3212 945 3275 II.

586 3409 629 3453 Al)
646 3407 799 3452 PRIOREM
814 3408 1005 3453 WINTONIAE.

371 3564 497 3626 Alanus
509 3563 603 3646 prior
615 3561 756 3623 ecclesia
767 3560 893 3623 Christi
904 3562 1098 3625 Ouotuarr'oe
1112 3563 1221 3644 priori

531 3664 709 3738 libatoria,
727 3684 826 3746 quam
841 3663 904 3727 sibi
916 3667 1066 3727 sulutem.

362 3833 500 3895 Murum
524 3830 686 3895 societatis
707 3831 851 3906 affectus,
874 3851 937 3913 quo
958 3831 1018 3892 sub
1045 3830 1115 3914 ipse
1136 3850 1271 3913 pauper·

315 3946 380 4002 tate
403 3933 461 4000 sed
486 3932 644 3998 tolerabili
669 3931 791 4016 pridem
817 3931 935 3995 fuimus
961 3929 1003 3995 ad
1026 3930 1167 3997 invicem
1192 3951 1269 3998 eon·

314 4038 404 4116 nexi,
424 4058 484 4101 nos
506 4057 565 4120 pro
588 4043 675 4098 certo
699 4032 805 4109 docet,
828 4033 963 4117 qualiter
985 4035 1045 4099 sub
1071 4032 1152 4117 ipsis
1174 4031 1271 4118 hujus
