2864 4598
206 413 243 470 10
501 424 575 470 vrrs
591 425 706 470 sineri
723 425 849 470 mmmm
1065 405 1110 484 [s.
1124 424 1155 466 n.

202 571 355 636 tentibus.
401 571 551 635 Occurrit
572 581 677 634 nutem
700 572 861 634 Robertus
887 567 1156 645 Herefordiensis,

202 674 222 706 “
238 674 352 737 Pater'’
376 672 526 755 inquiens
548 675 568 706 “
584 674 715 751 sustine,
741 683 777 737 ut
806 695 866 754 ego
893 673 963 735 vice
994 671 1155 753 capellani

202 796 331 838 crucem
351 773 492 838 deferam
511 784 585 838 ante
605 775 807 857 praesentiam
823 785 976 838 vestram:
1000 774 1047 837 sic
1067 772 1154 836 enim

201 875 346 939 condoce
362 874 390 936 .”
445 875 716 958 Archiepiscopus
745 876 811 938 ait:
843 877 863 908 “
877 875 1002 938 Justius
1027 883 1076 936 est
1102 894 1154 935 me

201 977 305 1060 ipsam
320 976 453 1053 deferre,
469 978 528 1039 suh
550 977 641 1061 cujus
663 977 859 1060 protectione
879 987 967 1040 tutus
981 996 1106 1051 maneo,
1122 985 1154 1036 et

201 1076 270 1162 ejus
293 1079 359 1141 viso
380 1079 500 1141 vexillo
520 1099 585 1141 non
604 1088 653 1140 est
672 1077 751 1138 mihi
773 1076 996 1150 dubitandum,
1012 1077 1072 1139 sub
1088 1095 1152 1157 quo

199 1180 346 1262 principe
382 1179 544 1243 militem.”
604 1178 840 1242 Londoniensis
873 1178 913 1243 ad
947 1182 1041 1243 haee:
1079 1178 1153 1242 “Si

199 1279 314 1342 viderit
337 1301 393 1344 rex
418 1292 449 1344 te
475 1290 629 1344 armatum
656 1280 782 1357 intrare,
808 1279 952 1361 gladium
974 1301 1067 1343 suum
1089 1280 1151 1341 for·

200 1382 313 1444 tiorem
333 1391 442 1446 exeret
460 1383 495 1445 in
516 1393 616 1464 caput
636 1391 744 1457 tuum;
768 1392 801 1444 et
819 1393 895 1446 tunc
914 1381 1051 1460 videbis,
1072 1379 1151 1466 quid

200 1484 375 1566 proderunt
403 1486 463 1548 tibi
492 1506 580 1549 arma
606 1484 690 1549 tua.”
743 1486 763 1518 “
779 1485 881 1549 Haec'’
911 1486 1018 1569 inquit
1046 1483 1150 1548 archi-

199 1588 370 1673 episcopus
386 1591 406 1623 “
422 1590 495 1653 Deo
516 1589 773 1654 committimus.”
823 1590 868 1652 Et
894 1587 1150 1652 Londoniensis:

97 1757 100 1763 ,
198 1692 219 1725 “
236 1691 357 1755 Stultus
370 1693 528 1757 hactenus
543 1692 643 1771 fuisti,
658 1701 690 1755 et
704 1693 745 1754 ab
760 1692 822 1755 hac
838 1692 982 1771 stultitia,
993 1703 1030 1754 ut
1044 1690 1151 1773 video,

199 1793 240 1857 de
257 1806 371 1857 caetero
385 1816 449 1856 non
466 1792 597 1858 recedes
608 1795 635 1857 :'’
657 1804 690 1856 et
704 1814 888 1876 processum
905 1804 962 1866 est.
1006 1789 1151 1854 Audiens

198 1905 302 1975 autem
328 1917 387 1959 rex
413 1896 692 1979 archiepiscopum
722 1906 876 1959 armatum
904 1894 1023 1972 venire,
1048 1894 1150 1956 oblito

197 1998 248 2060 vel
264 1997 410 2080 deposito
426 1996 532 2078 gladio
548 1998 605 2060 illo
621 1997 661 2060 de
678 2018 743 2080 quo
755 1997 885 2059 'dixerat
900 1994 1149 2069 Londoniensis,

198 2095 292 2161 citius
312 2095 435 2160 secedit
455 2096 490 2159 in
510 2099 696 2160 conclavem
716 2098 917 2181 ulteriorem
941 2098 1073 2160 sedente
1094 2096 1148 2159 hic

197 2197 331 2262 seorsim
346 2198 588 2283 archiepiscopo
604 2201 672 2263 solo
693 2221 766 2263 cum
787 2200 852 2263 suis
872 2210 904 2263 et
924 2199 1049 2284 paucis,
1063 2199 1148 2283 epis-

197 2299 289 2383 copis
304 2320 346 2363 ex
362 2299 496 2363 adverso
511 2309 545 2363 et
558 2301 630 2364 loco
647 2311 679 2365 et
694 2301 800 2365 animo
815 2301 971 2365 adunatis.

241 2397 271 2483 ᾧ.
289 2405 338 2464 12.
362 2403 512 2486 Denique
528 2404 631 2467 vocati
647 2416 722 2467 sunt
741 2405 885 2488 episcopi
905 2404 946 2468 ad
966 2405 1051 2486 regis
1071 2425 1147 2469 con-

195 2502 302 2566 silium
324 2503 549 2567 cantuariensi
571 2505 630 2567 suh
647 2503 764 2589 jugulo
785 2506 906 2569 relicto.
952 2505 1149 2571 Protrahitur

194 2614 321 2694 tempus
336 2604 412 2667 dum
427 2605 576 2687 quaeritur
590 2605 773 2670 innocentis
789 2605 962 2670 damnatio.
1007 2607 1147 2671 Cantua·

194 2706 308 2770 riensis
323 2728 396 2770 vero
417 2707 508 2770 firma
527 2707 607 2771 facie
628 2709 733 2772 induit
755 2711 974 2774 constantiam.
1018 2713 1147 2776 Exiens

194 2809 355 2890 Rogerius
374 2811 590 2875 Eboracensis
610 2811 868 2897 archiepiscopus
882 2814 927 2875 ait
942 2814 1065 2878 clericis
1080 2815 1148 2877 suis

172 2931 276 2994 *quos
297 2913 343 2976 ihi
365 2913 497 2992 invenit,
519 2925 609 2977 erant
631 2915 717 2977 enim
739 2915 785 2977 ibi
807 2916 963 2996 Magister
984 2917 1146 2980 Robertus

194 3013 335 3078 Grandis
352 3015 545 3096 cognomine
561 3026 594 3079 et
608 3016 763 3080 Osbertus
775 3014 815 3078 de
827 3016 985 3079 Arundel:
1009 3016 1029 3048 “
1041 3017 1146 3081 Recc-

194 3114 308 3178 damus
322 3116 417 3179 hinc:
441 3137 506 3178 non
523 3124 648 3198 oportet
663 3137 724 3179 nos
738 3115 844 3180 videre
860 3138 932 3201 quae
952 3118 1004 3181 hic
1026 3119 1146 3183 habent

192 3214 263 3278 fieri
286 3216 350 3279 cito
373 3216 413 3278 de
437 3213 689 3278 Cantuariensiff’
733 3217 889 3298 Magister
914 3219 1076 3283 Robertus
1103 3221 1144 3284 ad

192 3316 274 3392 haec,
297 3317 316 3347 “
333 3314 427 3377 Non'’
452 3313 557 3398 inquit
579 3315 598 3347 “
612 3315 689 3378 hinc
711 3315 878 3381 recedam:
911 3318 1014 3384 donec
1036 3319 1144 3385 videro

193 3417 271 3502 quid
287 3416 351 3480 Dei
365 3416 511 3478 voluntas
532 3438 627 3500 super
648 3418 699 3480 his
715 3417 924 3503 judicaverit:
950 3423 977 3484 si
996 3444 1055 3505 pro
1071 3425 1144 3487 Deo

192 3527 225 3580 et
247 3517 316 3602 ejus
333 3515 458 3600 justitia
480 3515 680 3580 dimicaverit
700 3519 729 3582 is
752 3541 852 3605 usque
875 3522 914 3586 ad
942 3525 1143 3604 sanguinem,

191 3619 333 3703 pulcrius
348 3618 399 3680 vel
414 3618 527 3681 melius
542 3618 636 3681 vitam
651 3619 744 3684 finire
766 3643 833 3684 non
852 3625 996 3707 poterit.”
1039 3627 1143 3691 Rece-

192 3719 287 3803 dente
301 3720 408 3802 itaque
419 3719 617 3783 Eboracensi
629 3721 872 3808 archiepiscopo
884 3748 903 3790 a
914 3747 1040 3790 camera
1050 3729 1143 3810 regis,

190 3821 323 3884 veniens
335 3819 592 3883 Bartholomaeus
602 3823 802 3887 Exoniensis
817 3826 989 3911 episcopus
1003 3829 1143 3910 procidit

190 3921 230 3985 ad
254 3920 354 4006 pedes
379 3920 501 3984 domini
524 3920 764 3988 Cantuariensis
787 3937 819 3988 et
841 3927 901 3990 ait:
936 3929 956 3959 “
971 3928 1066 3992 Pater
1088 3931 1141 4008 mi,

191 4024 336 4086 miserere
356 4020 421 4097 tui;
445 4022 591 4086 miserere
612 4035 644 4087 et
663 4027 780 4088 nostri:
807 4049 918 4091 omnes
939 4029 1023 4091 enim
1045 4030 1143 4093 hodie
