2864 4598
235 427 277 484 54
663 437 763 483 amru

236 584 343 646 minus
357 591 464 647 autem
486 581 520 645 id
535 581 681 647 videatur
699 583 817 646 factum
834 581 941 666 quoad
957 583 1128 647 ecelesiam
1152 581 1193 646 de

235 684 410 762 Einissord,
424 684 570 766 ignoscat
584 684 653 747 filio
677 685 704 746 si
724 685 831 767 placet
844 683 1020 767 paternitas
1036 693 1151 762 vestra,
1166 688 1194 751 si

235 796 340 850 tamon
355 786 389 848 in
401 787 463 850 hac
479 798 568 868 parte
580 785 715 849 debeam
730 784 855 870 dejure
870 785 961 867 argui
972 787 1191 867 negligentiae‚

236 889 291 974 qui
320 910 402 952 unus
427 900 459 951 et
482 890 569 951 solus
589 910 659 951 snm
683 889 765 951 inter
790 889 920 964 multos,
946 909 1083 970 quorum
1109 889 1192 952 sicut

235 992 383 1053 voluntas
398 989 484 1053 varia
498 998 548 1052 est
562 997 594 1051 et
610 988 743 1067 diversa,
758 989 849 1052 itaet
866 989 1035 1068 sententia,
1049 990 1191 1052 maxime

236 1092 291 1155 ubi
300 1091 367 1177 juri
382 1101 414 1154 et
427 1091 544 1155 rationi
560 1090 684 1154 videtur
697 1090 790 1153 inniti
807 1090 894 1175 quod
908 1091 1090 1154 intendunt.
1128 1090 1192 1154 Lo·

236 1214 318 1277 quor
330 1193 520 1275 intelligenti
536 1192 614 1274 quid
630 1192 672 1255 sit
686 1195 858 1257 multorum
870 1193 1012 1257 moribus
1025 1193 1193 1257 deservire.

237 1294 323 1372 Quid
338 1291 541 1377 praeteudnnt
556 1294 730 1377 quominus
744 1293 816 1358 fieri
831 1293 948 1358 debeat
963 1293 1052 1379 quod
1067 1316 1124 1379 per
1137 1316 1194 1358 vos

237 1398 277 1460 ab
293 1396 332 1460 iis
346 1396 506 1478 repetitur,
523 1407 699 1460 conventus
719 1397 820 1460 nostri
833 1398 996 1461 literarum
1011 1405 1120 1461 tenore
1144 1397 1195 1460 in·

238 1509 360 1582 spect0,
374 1499 501 1562 facilius
523 1499 641 1582 poterit
663 1499 827 1584 perpendi.
872 1499 908 1563 Si
931 1520 1006 1564 vero
1028 1499 1193 1582 parvitatis

236 1622 317 1665 meae
342 1601 511 1665 consilium
538 1603 753 1686 acceptaverit
777 1612 881 1666 vestra
906 1601 1089 1686 prudentia,
1116 1623 1192 1665 cum

237 1705 354 1768 saniori
377 1704 513 1767 dixerim
536 1705 745 1783 conscientia,
759 1705 858 1769 satius
881 1727 951 1769 esse
971 1715 1004 1768 et
1026 1705 1193 1768 honestius

239 1815 295 1870 aut
310 1828 348 1870 eo
360 1805 456 1868 modo
473 1806 528 1890 qni
539 1807 631 1870 vobis
639 1807 848 1887 significatur,
860 1818 915 1869 aut
929 1807 993 1870 alio
1006 1806 1195 1889 probatiori,

239 1909 267 1971 si
280 1908 418 1971 inveniri
433 1909 558 1991 poterit,
574 1930 646 1972 cum
663 1920 824 1972 conventu
835 1917 945 1971 nostro
959 1907 1098 1990 pacifice
1115 1929 1192 1971 con·

237 2010 355 2088 venire,
369 2031 466 2093 quam
487 2012 609 2094 populo
630 2009 817 2099 scandalum
840 2010 982 2092 generari
1007 2025 1040 2074 et
1059 2021 1192 2073 matrem

237 2124 374 2174 vestram
403 2113 572 2196 plusquam
597 2114 738 2177 creditur
762 2113 950 2176 contristari.
997 2114 1136 2195 Insuper
1162 2113 1190 2176 si

238 2214 343 2277 verbis
365 2214 487 2277 domini
508 2213 591 2297 regis
604 2216 731 2297 Angliae
754 2214 901 2291 creditur,
917 2215 950 2276 in
967 2214 1032 2277 vita
1047 2235 1105 2276 sua
1126 2236 1192 2276 non

238 2316 409 2378 sustinebit
430 2313 518 2399 quod
543 2316 771 2397 Lugdunensis
801 2315 1064 2397 archiepiscopus
1086 2316 1191 2377 eccle·

238 2418 318 2480 siam
333 2416 374 2480 de
388 2417 561 2481 Einessord
577 2418 802 2502 quoquomodo
818 2416 993 2502 possideat.
1023 2416 1194 2480 Provideat

238 2519 347 2601 igitur,
372 2520 400 2581 si
424 2521 542 2602 placet,
570 2519 720 2583 discretio
746 2531 858 2596 vestra,
883 2519 1021 2603 qualiter
1046 2540 1097 2583 res
1121 2519 1194 2602 ipsa

238 2619 367 2702 planius
391 2628 423 2682 et
445 2621 561 2682 melius
582 2620 623 2682 ad
646 2620 792 2685 debitum
818 2621 921 2704 possit
944 2619 1042 2683 finem
1069 2621 1190 2703 pertin-

240 2741 321 2802 gere,
336 2731 370 2783 et
384 2731 538 2805 quantum
553 2721 588 2783 in
605 2743 657 2785 me
673 2723 742 2800 erit,
757 2724 846 2787 nulla
869 2722 1112 2806 exsequutionis
1135 2723 1195 2786 erit

240 2824 430 2888 retractatio.
477 2825 599 2888 Valete.

542 3202 767 3266 nmssoca
788 3202 885 3266 xm.

443 3401 486 3445 An
500 3401 698 3448 MAGISTRUM
713 3405 749 3451 G.-
761 3403 989 3448 GARDINALEM.

242 3551 405 3630 Magistro
423 3551 461 3613 G.
470 3552 648 3631 cardinali,
663 3555 700 3615 Α.
708 3554 948 3634 priorecclesiae
963 3551 1085 3616 Obristc‘
1097 3551 1194 3614 Cant.

647 3657 793 3719 sulutem.

285 3837 390 3922 Quam
412 3836 508 3900 nobis
531 3835 705 3900 admodum
725 3837 838 3903 utilem
861 3845 894 3899 et
918 3837 1132 3900 necessariam
1158 3836 1191 3897 iu

242 3937 330 4001 curia
354 3937 504 4000 Romana
528 3937 753 4000 consuevimus
782 3937 900 4000 habere
926 3948 1062 4002 vestram
1092 3936 1193 4000 dilec-

241 4039 371 4115 tionem,
393 4037 427 4099 in
448 4037 707 4103 tribulationibus
730 4049 760 4102 et
782 4038 937 4118 angustiis
960 4039 1078 4123 quibus
1101 4060 1191 4120 urge-
