2864 4598
242 448 350 522 llos]
533 464 627 509 auor.
643 465 749 510 anano
766 465 909 512 rnwrss.
1172 457 1192 513 3

239 609 375 690 qualiter
389 610 482 674 suerit
496 609 666 691 agendum.
710 612 732 674 J
733 612 847 676 oannis
861 613 970 697 itaque
991 635 1072 697 opus
1086 615 1189 697 primo

194 759 196 762 <
237 711 418 792 perlegatur
439 734 497 796 per
526 711 616 795 quod
640 713 700 775 iter
725 713 883 797 aperietur
908 715 949 778 ad
976 726 1091 780 caetera
1117 737 1189 799 quoe

238 825 420 896 sequuntur.

539 949 693 994 EXPLICIT
709 951 888 996 Pisonoaus.

323 1457 450 1503 INCIPIT
466 1457 657 1505 TRAC'IATUS
673 1459 717 1504 DE
733 1460 809 1504 VITA
825 1459 941 1505 SANGTI
959 1460 1087 1505 THOMAE

578 1560 848 1606 cauruauluusrs.

283 1714 313 1798 h.
330 1724 360 1780 2.
384 1717 551 1780 Gloriosus
572 1719 635 1782 Dei
657 1729 775 1802 martyr
795 1719 947 1798 Thomas,
965 1721 1080 1804 qualis,
1101 1722 1192 1805 cujus

238 1821 313 1883 vitae
328 1829 360 1882 et
375 1818 633 1897 conversationis,
649 1830 783 1903 quantas
798 1821 894 1884 etiam
910 1843 967 1905 pro
977 1821 1124 1886 libertate
1140 1845 1192 1888 ec-

240 1920 349 1984 clcsiae
369 1940 483 2002 passus
504 1920 599 1982 fuerit
620 1920 793 2000 angustias,
811 1921 913 2004 ipsius
934 1924 1080 2006 martyris
1103 1924 1192 1988 cleri·

240 2044 298 2087 cus
320 2031 353 2085 et
373 2020 549 2095 familiaris,
568 2032 681 2104 postea
701 2022 907 2087 Camotensis
930 2023 1111 2109 episcopus,
1126 2048 1192 2090 ma·

240 2124 338 2204 gister
366 2123 509 2185 Joannes
540 2121 790 2186 Saresberiensis
819 2125 979 2206 eleganter
1014 2126 1192 2209 descripsit.

240 2225 324 2298 Quia
338 2245 413 2287 vero
429 2222 576 2307 quaedam
597 2224 644 2286 ibi
660 2224 760 2308 juxta
782 2226 969 2290 brevitatem
988 2228 1129 2291 historiae
1150 2250 1193 2291 ex

238 2325 398 2390 industria
426 2326 545 2389 omissa
575 2336 660 2403 sunt,
684 2348 756 2411 quae
781 2327 808 2390 si
832 2328 981 2411 apposita
1005 2329 1123 2393 fuerint
1147 2331 1193 2392 le-

241 2429 345 2511 gentis
376 2435 409 2491 et
438 2427 597 2491 audientis
624 2437 775 2512 poterunt
808 2431 945 2494 excitare
980 2429 1193 2510 devotionem,

241 2530 380 2595 maxime
411 2551 510 2612 quum
540 2550 578 2592 ea
607 2530 788 2613 pertineant
817 2531 859 2595 ad
887 2532 1092 2616 epistolarum
1121 2553 1193 2615 quae

241 2642 419 2718 sequuntur
454 2633 725 2714 explanationem,
755 2655 794 2697 ea
827 2632 980 2699 duximus
1014 2635 1193 2700 summatim

240 2736 378 2820 adjicere
407 2755 478 2817 quae
503 2755 522 2796 a
546 2735 687 2798 concilio
717 2733 756 2798 de
787 2735 992 2800 clarendona
1020 2760 1122 2821 usque
1151 2737 1193 2801 ad

241 2836 418 2900 discessum
439 2832 562 2895 domini
579 2855 673 2917 papae
688 2834 867 2897 Alexandri
887 2835 928 2898 de
948 2838 1083 2900 Francia
1099 2837 1194 2920 juxta

239 2935 405 3001 historiam
419 2931 561 3012 magistri
576 2934 598 2996 J
599 2933 713 2996 oannis
734 2933 884 2996 dicuntur
898 2937 1078 3017 contigisse.
1124 2936 1194 2999 (3ae-

240 3049 309 3102 tera
322 3035 389 3099 suis
403 3033 437 3095 in
456 3030 538 3094 locis
559 3033 703 3117 epistolae
723 3033 826 3117 ipsius
848 3034 976 3118 plenius
997 3057 1195 3120 persequun-

239 3148 299 3204 tur.

285 3236 315 3323 ᾧ.
331 3245 361 3304 8.
385 3240 475 3304 Dum
497 3239 594 3322 igitur
614 3238 729 3300 beatus
749 3237 892 3301 Thomas
915 3236 1001 3321 apud
1021 3238 1195 3302 Clarendo-

240 3363 327 3422 nam,
348 3342 390 3406 ad
412 3340 647 3425 suggestionem
670 3339 798 3403 fratrum
826 3361 967 3418 suorum,
992 3340 1111 3404 inritus
1134 3363 1194 3425 pro

242 3453 329 3508 certo
342 3444 377 3506 in
392 3445 489 3507 verbo
505 3439 696 3505 sacerdotali
711 3439 909 3521 promisisset
927 3461 961 3503 se
983 3461 1055 3502 cum
1072 3443 1195 3506 caeteris

242 3544 499 3622 consuetudines,
523 3562 603 3626 quas
624 3540 735 3603 Avitas
755 3550 885 3619 vocant,
907 3539 948 3604 ad
974 3552 1087 3605 nutum
1112 3543 1196 3624 regis

242 3648 490 3724 observaturum,
513 3644 556 3708 ad
580 3651 721 3705 mentem
744 3641 856 3705 sedulo
881 3645 1054 3722 revocavit,
1077 3654 1197 3728 quanta

242 3768 285 3810 ex
299 3747 350 3809 his
364 3746 527 3830 potuerint
541 3752 654 3808 contra
665 3743 915 3807 ecclesiasticam
928 3731 1108 3808 libertatem
1124 3747 1198 3810 oriri

243 3847 422 3931 dispendia.
467 3847 583 3930 quue
611 3843 781 3908 recedente
809 3866 828 3907 a
854 3845 937 3926 regis
968 3847 1068 3925 curia,
1093 3848 1197 3910 obiter

242 3949 325 4011 inter
347 3947 517 4011 familiares
545 3946 649 4028 ipsius
674 3956 743 4009 orta
766 3956 815 4009 est
837 3949 1052 4023 murmuratio,
1075 3947 1136 4023 his,
1161 3959 1197 4009 ut

244 4052 371 4129 assolet,
386 4049 634 4132 suggerentibus
649 4046 695 4110 sic
711 4047 781 4111 ficri
804 4058 949 4130 oportere
973 4056 1103 4130 propter
1118 4057 1196 4110 tem-

689 4156 746 4211 ΒΞ
