2864 4598
631 428 809 472 nrrsronn.
1151 417 1193 474 st

239 604 311 646 mur
331 603 397 645 non
421 581 582 645 modicum
605 582 766 646 doluimus
784 592 817 645 et
835 579 981 644 dolemus
1002 582 1099 646 nimis
1122 604 1191 647 esse

238 690 403 747 remotam.
448 685 493 746 Et
512 683 591 746 licet
611 684 756 746 locorum
779 682 929 746 distantia
950 704 1134 767 separemur
1151 688 1192 750 ab

239 787 389 865 invicem,
410 786 508 849 animi
530 795 638 849 tamen
659 786 759 849 nostri
784 787 921 849 affectus
943 806 1008 868 quo
1030 786 1193 851 individue

238 898 350 951 restrae
386 888 587 952 adhaeremus
614 886 810 962 reverentiae,
839 907 859 948 a
887 885 979 947 vobis
1008 886 1195 949 ‘nullatenus

239 1001 347 1074 potest
368 988 517 1074 separari.
562 988 646 1052 Sane
661 1008 720 1071 pro
739 999 856 1071 nepote
872 996 976 1050 vestro
996 988 1031 1049 in
1050 988 1196 1070 partibus

240 1090 357 1154 nostris
383 1087 493 1173 quoad
517 1087 683 1171 potuimus
708 1087 854 1166 fecimus,
879 1086 954 1149 inde
980 1087 1083 1168 magis
1104 1088 1195 1150 anxii

242 1190 330 1275 quod
352 1191 386 1254 in
408 1211 507 1254 causa
529 1212 596 1267 sua,
613 1188 709 1272 juxta
734 1190 824 1274 quod
849 1189 1109 1267 desideravimus,
1130 1212 1194 1254 non

241 1303 290 1355 est
315 1293 419 1373 magis
445 1290 635 1375 proiectum.
688 1286 851 1363 Quoniam
878 1302 1015 1375 excepta
1038 1293 1133 1356 etiam
1157 1314 1196 1355 ea

242 1395 410 1459 affectione
431 1415 495 1476 qua
518 1395 609 1456 robis
631 1394 842 1475 astringimur,
857 1393 945 1457 idem
967 1395 1034 1478 ipse
1057 1417 1116 1458 suo
1139 1417 1196 1456 no·

242 1499 327 1560 mine
342 1497 515 1579 promeruit
537 1505 568 1558 et
589 1497 623 1558 in
646 1495 716 1558 dies
737 1508 946 1579 promeretur,
960 1507 996 1559 nt
1010 1497 1067 1578 qui
1083 1497 1198 1560 viderit

243 1596 312 1679 ejus
341 1595 438 1658 vitam
469 1607 500 1657 et
530 1595 814 1672 conversationem,
845 1594 961 1657 debeat
989 1597 1196 1659 affectuosius

244 1698 313 1782 ejus
328 1696 524 1780 profectibus
545 1696 718 1778 invigilare.
762 1695 894 1759 Placeat
916 1717 992 1777 ergo
1014 1697 1197 1780 paternitati

244 1809 355 1861 vestrae
376 1799 484 1882 ipsum
510 1798 706 1862 clementiori
734 1798 830 1861 oculo
855 1798 1024 1881 respicere,
1047 1800 1197 1883 quatinus

244 1903 278 1964 in
301 1900 417 1978 stadio,
440 1901 553 1985 quoin
577 1923 680 1986 agone
701 1901 876 1978 contendit,
893 1902 996 1985 possit
1013 1900 1197 1984 expeditius

244 2026 367 2069 currere
390 2003 486 2066 etad
508 2004 577 2087 ejus
600 2005 653 2068 cui
675 2003 823 2067 addictus
845 2017 894 2068 est
921 2004 1100 2087 disciplinae
1123 2026 1196 2087 pro-

243 2121 371 2170 vectum
393 2105 508 2169 debeat
529 2108 672 2170 alacriori
689 2108 795 2170 animo
815 2107 989 2190 pervenire.
1034 2108 1197 2179 Quantum

247 2228 320 2270 vero
344 2208 377 2269 in
401 2207 495 2269 nobis
521 2207 581 2270 erit
607 2218 639 2270 et
664 2208 887 2291 opportunitas
909 2207 984 2271 data
1006 2208 1109 2284 suerit,
1129 2207 1198 2290 ejus

246 2308 492 2373 necessitatibus
507 2309 744 2393 propensiorem
762 2329 872 2372 curam
886 2308 1117 2392 impendemus.

555 2759 774 2823 EPlSTOLA
800 2761 889 2822 XlV.

391 2965 435 3008 an
451 2959 730 3008 cantusareusuu
746 2959 1053 3007 Ancnrurrscorun.

370 3133 515 3194 Domino
532 3129 766 3193 Cantaurienci
778 3148 856 3190 suus
873 3128 1068 3194 Arelatem.

292 3317 461 3378 lnuorurr
475 3314 571 3376 nobis
587 3323 697 3376 vestrae
718 3313 878 3397 placuisse
897 3315 1081 3396 paternitati
1104 3321 1198 3382 talem

249 3418 281 3480 in
312 3415 467 3479 cellerarii
497 3414 636 3477 officium
667 3414 842 3494 subrogari,
872 3414 906 3475 in
937 3436 1031 3498 quern
1058 3419 1200 3482 omnium

248 3527 392 3579 nostrum
407 3523 481 3576 vota
495 3514 706 3577 communiter
720 3514 963 3578 concurrissent.
998 3517 1105 3596 Unde,
1117 3520 1201 3582 sicut

249 3629 403 3692 tenemur,
425 3614 470 3677 ita
491 3623 523 3677 et
544 3617 717 3678 affectuose
744 3623 854 3676 vestrae
879 3615 1015 3677 bonitati
1037 3618 1200 3683 uberiores

250 3718 385 3803 proinde
410 3716 533 3797 agimus
558 3719 728 3798 gratiarum
753 3716 902 3778 actiones.
948 3717 1069 3780 Vestrae
1091 3721 1199 3804 itaque

251 3823 277 3885 si
308 3822 415 3905 placet
439 3817 619 3880 innotescat
647 3814 836 3898 benignitati
866 3815 952 3899 quod
980 3829 1090 3881 nostra
1114 3841 1200 3884 com-

250 3923 357 3986 munis
372 3930 420 3982 est
434 3919 619 4000 postulatio,
637 3931 670 3982 ut
689 3919 784 3981 frater
799 3918 963 3981 Honorius
979 3920 1069 3982 vobis
1092 3924 1201 4004 utique

250 4046 292 4088 ex
308 4044 366 4086 sua
380 4019 622 4084 conversatione
638 4020 765 4082 interim
787 4030 881 4082 notus
896 4019 991 4103 hujus
1007 4021 1105 4084 officii
1119 4023 1152 4084 in
1168 4046 1201 4086 se
