2864 4598
186 452 291 532 1164]
468 468 561 513 socr.
577 469 682 514 atauo
698 469 842 513 rnwuns.
1091 457 1132 514 25

180 615 355 689 benedixit,
379 613 419 676 de
443 615 533 678 laneo
564 615 673 697 utique
699 636 807 696 panno
833 636 942 696 grosso
965 627 998 679 et
1020 615 1132 679 crudo.

180 717 277 782 Unde
302 728 334 780 et
354 716 481 779 nunciis
503 717 648 801 injunxit
669 714 798 779 dicens:
829 717 975 780 “Dicite
998 717 1129 781 domino

181 817 415 896 Cantuariensi,
445 817 532 900 quod
569 818 714 880 habitum
751 819 781 880 ei
818 819 974 898 misimus,
1004 819 1131 903 qualern

179 919 361 998 habuimus,
388 941 455 981 non
485 919 613 1002 qualem
642 919 825 981 vellemus.’'
877 919 1132 984 Pontiniacensis

179 1043 251 1085 vero
274 1023 375 1084 abbas
401 1041 475 1083 cum
505 1021 619 1102 paucis
641 1020 719 1082 dum
742 1021 871 1084 beatum
894 1021 1053 1085 Thomam
1075 1022 1132 1085 illo

178 1122 327 1185 indueret
354 1122 466 1185 habitu
496 1122 627 1184 seorsim
658 1133 690 1184 et
721 1130 856 1199 secreto,
879 1120 1009 1184 adstans
1037 1107 1132 1185 etiam

178 1225 298 1288 ibidem
320 1224 451 1308 quidam
473 1224 647 1299 familiaris,
667 1224 696 1287 is
715 1225 827 1308 utique
850 1225 906 1308 qui
929 1224 1031 1308 pridie
1053 1224 1135 1289 illud

179 1328 343 1411 problema
386 1327 553 1409 proposuit
589 1325 677 1410 apud
714 1326 963 1405 Clarendonam‚
1000 1328 1134 1407 scilicet,

182 1427 268 1502 Quid
284 1428 408 1492 virtutis
431 1429 492 1491 sibi
513 1428 655 1505 retinuit,
670 1428 725 1512 qui
741 1429 973 1492 conscientiam
995 1429 1135 1513 perdidit

181 1545 214 1595 et
234 1531 374 1595 famam?
398 1532 475 1595 dum
499 1533 579 1596 vidit
600 1533 633 1594 in
656 1534 728 1617 ipso
750 1533 864 1596 habitu
887 1534 1055 1616 capucium
1077 1535 1136 1596 mi·

182 1635 270 1698 noris
300 1635 497 1717 quantitatis,
520 1657 617 1719 quam
647 1648 683 1697 ut
713 1635 771 1697 toti
801 1646 1002 1716 congrueret,
1025 1637 1137 1700 “Fuit

183 1749 288 1800 tamen
325 1736 359 1798 id
397 1737 479 1799 serio
515 1737 646 1813 sactum,
674 1735 799 1798 utrum’'
830 1737 876 1798 ait
907 1736 927 1769 “
944 1737 1138 1817 regulariter,

182 1839 302 1901 nescio
348 1839 465 1921 Liquet
486 1849 590 1901 tamen
614 1837 779 1900 dominnm
800 1837 1044 1920 papamminus
1060 1859 1136 1902 con-

184 1960 261 2021 grue
278 1940 435 2003 adunasse
451 1941 587 2003 cucullae
604 1938 804 2022 capucium.”
838 1938 1016 2003 Subridens
1031 1951 1137 2004 autem

183 2041 423 2104 Cantuariensis
452 2040 473 2073 “
488 2040 643 2104 Provide”
673 2040 778 2124 inquit
807 2040 828 2072 “
844 2062 885 2103 ne
912 2050 944 2103 et
968 2051 1003 2104 tu
1032 2043 1137 2125 possis

183 2144 296 2206 iterato
319 2142 399 2205 mihi
421 2141 567 2217 illudere,
590 2142 674 2205 sicut
695 2141 799 2204 fecisti
821 2139 951 2224 pridie.’'
996 2143 1041 2205 Et
1062 2143 1135 2207 ille:

183 2246 281 2309 “Ubi
296 2248 346 2309 vel
362 2245 510 2330 quando”
526 2247 570 2308 ait
584 2247 604 2278 “
617 2244 744 2309 domiue
756 2243 787 2306 l''
816 2243 861 2306 Et
876 2244 1138 2330 archiepiscopus

184 2349 289 2432 inquit
307 2347 590 2425 “Nudirrstertirrs,
611 2347 687 2410 dum
711 2347 809 2409 sacris
831 2347 972 2409 vestibus
990 2346 1140 2411 induerer

186 2448 226 2512 ad
248 2449 416 2512 missarum
446 2449 611 2524 solemnia,
634 2458 666 2510 et
687 2468 772 2510 zona
801 2446 995 2530 praecinctus
1017 2447 1140 2512 viderer

186 2553 419 2629 suffarcinatus,
455 2551 670 2635 requisivisti:
716 2550 815 2614 Unde
856 2552 1032 2633 posteriora
1068 2573 1140 2616 mea

185 2652 297 2717 inflata
326 2650 484 2717 fuissent?
531 2652 566 2716 Si
595 2652 694 2735 igitur
723 2674 742 2715 a
772 2653 916 2735 scapulis
953 2654 1140 2736 dependens

187 2757 356 2841 capucium
372 2755 475 2840 majus
491 2756 586 2818 etiam
600 2755 646 2817 ibi
664 2753 876 2838 praetenderet
896 2756 1028 2818 formam
1047 2756 1139 2819 infla·

188 2857 293 2934 tionis,
316 2856 526 2919 nihilominus
550 2875 663 2937 posses
690 2853 832 2916 deridere
859 2854 1039 2935 gibbosum.
1084 2855 1140 2918 Id·

188 2959 273 3022 circo
303 2959 429 3022 cautius
459 2958 539 3020 mihi
563 2969 612 3020 est
635 2967 747 3019 contra
776 2955 887 3017 talium
916 2955 1139 3020 insultationes

188 3061 380 3143 provisum.’'
425 3062 585 3125 Utebatur
598 3079 708 3122 revera
723 3056 983 3139 archiepiscopus
999 3056 1105 3120 cilicio
1122 3079 1141 3122 a

188 3162 352 3227 nudicollo
374 3185 473 3246 usque
490 3162 531 3226 ad
547 3161 686 3245 poplites
707 3161 790 3223 clam
810 3158 911 3242 ipsius
932 3159 1027 3222 etiam
1050 3160 1140 3224 fami·

187 3264 339 3328 liaribus:
371 3278 402 3328 ct
424 3266 501 3328 dum
525 3262 856 3345 cingereturarctius,
878 3262 962 3343 rigor
984 3263 1082 3326 cilicii
1105 3286 1139 3327 se

189 3364 394 3446 extendebat,
405 3376 436 3428 et
452 3365 618 3428 videbatur
634 3363 784 3444 grossior,
794 3363 849 3447 qui
866 3362 926 3425 suit
941 3363 1140 3444 macilentus,

191 3466 248 3531 sed
259 3467 427 3552 jucundus
442 3467 533 3531 facie.

235 3564 264 3649 ὃ.
281 3574 333 3632 30.
356 3568 621 3632 Discurrentibus
634 3568 762 3631 interim
777 3567 853 3630 hinc
868 3567 945 3631 inde
957 3568 1085 3631 nunciis
1101 3569 1142 3632 ad

189 3671 279 3753 pacis
293 3671 560 3749 reformationem,
575 3670 704 3734 tandem
719 3670 841 3752 placuit
857 3670 1025 3754 utrobique
1040 3671 1141 3734 domi-

191 3797 267 3837 num
283 3796 401 3859 papam
417 3788 448 3837 et
462 3796 569 3855 regem
590 3784 708 3836 statuto
729 3773 781 3836 die
801 3783 833 3836 et
851 3774 924 3836 loco
942 3772 984 3837 ad
1004 3775 1139 3838 invicem

192 3879 373 3956 convenire,
385 3890 419 3940 ut
434 3897 491 3961 per
505 3888 649 3941 mutuum
662 3898 771 3939 eorum
783 3875 979 3958 colloquium
992 3876 1042 3939 via
1053 3878 1142 3957 pacis

192 3991 301 4059 posset
322 3978 446 4041 facilius
461 3977 605 4041 inveniri.
652 3979 725 4040 Rex
745 3977 789 4039 ait
809 3973 850 4039 ad
866 3973 902 4037 id
917 3996 951 4038 se
967 3985 1143 4054 venturum,

194 4078 303 4142 sedin
326 4078 560 4160 archiepiscopi
582 4079 742 4142 absentia:
766 4077 840 4159 quia
859 4096 896 4137 eo
917 4086 1072 4157 praesente
1088 4075 1141 4138 de-
