2864 4598
565 801 786 865 EPlSTOLA
811 801 873 863 lll.

425 1023 468 1065 AD
485 1019 693 1065 BALDWINUM
710 1017 1013 1063 ARCHIEPISCOPUM.

244 1188 430 1251 Reuerendo
440 1191 534 1268 putri
543 1194 574 1249 et
586 1187 713 1248 doctrino
728 1187 766 1248 B.
781 1186 846 1248 Dei
854 1187 965 1265 pretio
981 1187 1077 1249 Cain.
1088 1189 1198 1250 arciri-

286 1294 430 1371 episcopo
453 1293 552 1353 lolius
573 1292 696 1370 duplice
717 1291 859 1369 priorali
886 1289 927 1352 A.
947 1290 1043 1369 prior
1067 1297 1098 1352 et
1124 1310 1198 1351 con-

284 1400 397 1454 uentus
418 1393 555 1453 ecclesie
575 1391 699 1453 Cluistc'
716 1391 814 1452 Cant.
830 1388 972 1452 debitum
996 1398 1028 1452 et
1051 1390 1196 1453 devotam

285 1496 321 1556 io
341 1495 479 1556 Domino
494 1494 716 1556 reverentiam.

285 1677 462 1738 Voarscoru
487 1696 584 1758 quam
606 1674 776 1758 plurimum
801 1676 1057 1756 congratulamur
1076 1675 1108 1738 in
1127 1677 1196 1739 Do-

240 1778 341 1855 mino,
363 1776 455 1859 cujus
477 1774 692 1838 misericordia
714 1776 834 1856 regiam
859 1776 1012 1838 excitarit
1035 1777 1198 1839 excellen-

241 1883 329 1957 tiam,
344 1890 380 1942 ut
401 1878 531 1962 pronior
552 1878 642 1940 fieret
661 1877 702 1940 ad
725 1898 764 1940 ea
785 1898 858 1960 quae
881 1887 992 1941 vestrae
1015 1879 1105 1942 norit
1126 1880 1196 1962 pla·

242 1981 345 2044 cuisse
369 1978 533 2041 voluntati.
577 1978 694 2040 Oblata
715 1979 836 2060 itaque,
857 1979 884 2042 si
902 1980 1020 2063 placet,
1041 1978 1196 2043 utendum

242 2095 290 2147 est
313 2083 492 2158 occasione,
506 2101 557 2156 ne,
574 2081 600 2144 si
621 2081 739 2144 omissa
761 2082 855 2145 fuerit
877 2105 947 2166 queo
963 2104 1028 2166 prae
1050 2084 1199 2147 manibus
1277 2125 1279 2128 <

242 2196 291 2249 est
313 2184 544 2268 opportunitas,
559 2204 627 2245 sera
648 2182 690 2245 sit
711 2183 911 2266 poenitentia,
926 2184 952 2246 si
970 2183 1049 2246 alias
1070 2184 1104 2245 id
1127 2181 1196 2246 fieri

242 2309 308 2351 non
324 2285 473 2370 potuerit,
488 2283 580 2368 cujus
595 2294 712 2367 praesto
728 2295 777 2347 est
796 2295 828 2346 et
843 2306 984 2368 praesens
1000 2285 1134 2348 facultas
1157 2284 1197 2347 ad

241 2392 402 2453 effectum.
448 2386 610 2448 Roffensis
629 2386 724 2466 igitur
739 2386 877 2449 ecclesia
894 2387 920 2448 si
939 2385 981 2449 ad
1003 2407 1058 2450 cor
1072 2386 1198 2463 rediret,

242 2489 353 2572 utique
376 2496 618 2566 recognosceret
638 2486 671 2547 in
694 2486 812 2569 quibus
827 2485 971 2565 offendit,
986 2508 1072 2550 nunc
1090 2496 1196 2551 autem

243 2597 387 2670 superest
402 2596 437 2648 ut
451 2596 553 2647 vestra
569 2583 717 2648 discretio
733 2608 863 2649 manum
878 2598 1031 2671 apponat,
1046 2589 1198 2671 quatinus

243 2687 332 2771 quod
345 2695 574 2771 praesumptum
595 2695 644 2748 est
663 2686 698 2748 in
714 2687 954 2751 Cantuariensis
970 2687 1115 2753 ecclesiia
1132 2688 1197 2750 dis·

242 2789 410 2874 pendium,
422 2789 455 2850 in
471 2789 639 2871 pristinum
655 2787 755 2853 debiti
769 2789 900 2852 honoris
916 2799 1032 2853 statum
1047 2790 1197 2853 reforme-

241 2903 301 2954 tur.
348 2890 389 2951 In
410 2890 648 2954 Cantuariensis
668 2890 812 2954 ecclesiae
836 2891 979 2972 capitulo
1000 2912 1042 2953 ex
1063 2889 1198 2973 antiqua

243 2993 475 3057 consuetudine
499 2993 662 3056 Roffensis
686 2992 831 3056 ecclesiae
862 2992 977 3055 electio
1004 2994 1084 3056 solet
1114 2993 1197 3056 cele-

242 3097 338 3174 brari,
348 3097 458 3179 ibique
475 3096 595 3158 electus
611 3094 777 3158 consuerit
793 3093 832 3156 de
848 3115 944 3157 manu
960 3094 1203 3178 archiepiscopi,

244 3199 292 3260 sui
315 3210 346 3260 et
371 3197 547 3278 spiritualia
568 3208 600 3258 et
627 3196 812 3279 temporalia
835 3195 989 3279 recipere,
1009 3195 1196 3259 fidelitatem

244 3298 378 3382 proinde
394 3299 512 3380 jurare,
529 3298 614 3379 quod
635 3299 729 3381 plene
746 3299 946 3361 observatum
968 3309 1017 3361 est
1036 3319 1137 3381 usque
1154 3296 1203 3360 ad,

244 3412 369 3481 tempus
384 3397 582 3475 waleranni,
598 3411 628 3461 et
643 3399 732 3482 quod
752 3399 792 3461 de
814 3421 852 3462 eo
875 3421 969 3464 secus
991 3410 1099 3464 actum
1120 3400 1193 3477 fuit,

243 3524 282 3567 eo
304 3500 456 3564 redeunte
479 3522 499 3563 a
514 3501 714 3564 Normannia
734 3501 791 3564 ubi
814 3511 846 3564 et
861 3514 1066 3566 consecratus
1088 3512 1148 3579 est,
1163 3501 1198 3564 in

244 3605 359 3668 melius
385 3614 433 3666 est
457 3603 670 3666 reformatum.
715 3603 755 3664 In
782 3601 966 3686 hujusmodi
993 3625 1068 3667 vero
1093 3602 1204 3685 digni..

244 3708 318 3771 tatis
333 3706 460 3788 signum
475 3706 639 3768 Roffensis
659 3705 806 3783 ecclesia,
821 3706 961 3768 obeunte
982 3716 1107 3789 pastore
1128 3726 1199 3783 suo,

241 3811 393 3874 baculum
419 3810 610 3891 pastoralem
635 3806 732 3870 debet
756 3807 798 3869 ad
825 3807 996 3871 ecclesiam
1028 3806 1197 3870 Cantuari-

242 3932 350 3975 ensem
387 3919 522 3993 portare,
552 3919 584 3971 et
614 3928 711 3990 super
739 3908 836 3969 altare
866 3907 986 3972 Christi
1021 3907 1203 3990 deponere..

241 4015 340 4077 Hunc
367 4024 471 4075 autem
494 4011 656 4083 baculum,
672 4029 729 4091 per
754 4010 982 4093 surreptionem
1009 4031 1084 4072 cum
1107 4008 1197 4071 Wal-
