2864 4598
240 438 347 517 1161]
517 454 612 501 auor.
629 455 733 500 atauo
750 455 895 500 rswrrns.
1147 441 1185 500 13

186 609 189 618 “
236 622 256 663 a
281 624 371 665 muro
401 601 552 686 pendere,
578 622 658 686 quas
684 601 838 685 arripiens
867 600 1027 665 familiaris
1054 600 1187 684 quidam

235 703 479 786 archiepiscopi,
505 725 601 766 unam
624 713 698 786 post
719 704 850 767 alteram
881 703 1057 781 attentavit,
1082 702 1186 767 donec

238 805 374 887 aperiret
382 804 527 888 januam.

279 898 309 984 1.
329 909 377 966 14.
409 904 614 967 Exeuntibus
635 903 699 966 illis
720 903 857 966 occunit
880 903 1051 966 multitudo
1076 905 1188 967 morbo

236 1006 323 1087 regio
347 1005 559 1069 laborantium
585 1025 761 1089 pauperum
787 1015 820 1067 et
844 1004 1054 1078 infirmorum,
1081 1005 1187 1067 accla-

237 1107 389 1170 mantium
427 1119 459 1171 et
496 1106 693 1170 dicentium:
731 1105 965 1170 “Benedictus
1002 1106 1103 1182 Deus,
1133 1105 1189 1189 qui

236 1209 352 1292 eripuit
374 1219 406 1272 et
427 1211 548 1272 salvum
571 1209 647 1272 fecit
669 1229 793 1272 serrum
819 1229 911 1272 suum
934 1230 954 1271 a
976 1207 1057 1271 facie
1083 1207 1188 1270 inimi-

238 1332 347 1375 corum
373 1313 531 1376 suorum.''
584 1310 782 1376 Credebatur
805 1312 891 1375 enim
915 1310 984 1396 jam
1011 1311 1108 1374 fuisse
1133 1330 1189 1373 ex·

238 1410 366 1475 tinctus.
424 1412 632 1476 Praecedente
666 1412 762 1495 igitur
791 1424 823 1476 et
852 1415 1068 1496 subsequente
1098 1413 1190 1475 turba

238 1534 425 1597 pauperum,
441 1535 513 1578 cnm
530 1516 616 1577 clero
636 1523 669 1578 et
687 1515 868 1597 popu10,in
888 1513 1006 1595 gaudio
1029 1524 1060 1577 et
1079 1512 1191 1576 laetitia

238 1614 420 1697 perducitur
434 1614 476 1677 ad
491 1615 675 1697 hospitium.
705 1614 829 1677 Videns
840 1625 945 1677 autem
961 1613 1190 1677 exultationem

238 1716 342 1799 plebis
368 1716 577 1799 sequentibus
600 1736 633 1778 se
657 1715 758 1778 dixit:
793 1716 812 1747 “
825 1715 930 1787 Quam
957 1716 1095 1796 gloriosa
1119 1732 1190 1797 pro·

239 1816 342 1879 cessio
368 1837 428 1877 nos
451 1814 604 1878 conducit
626 1835 646 1876 a
666 1814 748 1878 facie
774 1814 973 1877 tribulantis:
997 1813 1091 1876 sinite
1112 1834 1191 1896 pau-

239 1940 332 2000 peres
343 1918 473 1996 Christi,
485 1928 517 1982 et
530 1929 646 1980 nostra:
661 1916 874 1980 tribulationis
889 1917 1070 2001 participes,
1082 1937 1193 1980 omues

239 2022 354 2085 intrare
363 2021 544 2098 nobiscum,
553 2031 589 2083 ut
599 2021 766 2103 epulemur
776 2021 810 2082 in
820 2020 962 2083 Domino
974 2019 1016 2084 ad
1027 2020 1192 2084 invicem.”

241 2121 286 2184 Et
299 2121 431 2205 impleta
445 2130 520 2184 sunt
535 2121 649 2184 domus
660 2130 692 2183 et
703 2121 781 2184 atria
792 2122 1041 2205 circumquaque
1053 2121 1193 2185 discum-

242 2224 397 2286 bentium.

287 2320 316 2406 §.
342 2327 390 2386 15.
423 2325 512 2388 Inter
537 2326 648 2408 epulas
674 2336 879 2390 accesserunt
902 2324 1136 2388 Londoniensis
1162 2333 1194 2388 et

244 2423 455 2489 cicestrensis
479 2426 634 2510 episcopi,
656 2427 697 2491 ad
718 2448 870 2504 mensam,
890 2427 1033 2490 dicentes
1055 2426 1193 2489 seriam

241 2526 332 2609 pacis
345 2527 514 2591 invenisse.
561 2527 758 2613 Requirente
772 2528 1017 2611 archiepiscopo
1033 2529 1092 2592 sub
1109 2528 1194 2613 quali

244 2626 355 2701 forma,
369 2628 537 2712 inquiunt:
560 2629 736 2702 “Quaestio
752 2628 936 2712 pecuniaria
950 2629 1053 2710 agitur
1067 2629 1149 2693 inter
1163 2639 1195 2692 te

244 2740 276 2790 61
297 2749 413 2808 regem.
459 2730 494 2793 si
519 2730 615 2811 igitur
639 2730 768 2793 nomine
795 2730 938 2812 pignoris
965 2729 1028 2793 duo
1055 2731 1196 2794 maneria

245 2841 358 2907 vestra,
384 2830 496 2893 Otsord
520 2843 552 2893 61
577 2831 809 2907 Muncheham,
829 2832 898 2913 regi
923 2829 1133 2912 assignaveris
1154 2832 1195 2894 ad

246 2938 383 3013 tempus,
413 2931 572 2993 credimus
603 2930 689 3013 quod
718 2929 795 2993 inde
825 2940 960 3012 pacatus
993 2942 1025 2993 61
1055 2933 1197 2996 maneria

245 3031 431 3112 resignabit,
457 3041 489 3094 et
516 3033 688 3115 pecuniam
714 3031 862 3109 remittet,
887 3041 919 3093 et
943 3033 1075 3112 gratiam
1105 3055 1195 3097 suam

246 3135 307 3197 tibi
323 3133 418 3197 citius
433 3134 605 3197 restituet.'’
635 3134 686 3197 Ad
698 3134 768 3197 haec
781 3132 1055 3218 archiepiscopus:
1078 3135 1196 3200 “Hec-

248 3237 340 3300 cham
364 3237 538 3300 manerium
561 3237 622 3299 fuit
642 3235 806 3319 quondam
830 3235 1070 3300 cantuariensis
1095 3240 1197 3302 66616-

248 3340 315 3414 siae,
330 3350 365 3402 ut
380 3338 504 3421 accepi,
518 3337 606 3423 quod
629 3360 688 3402 rex
708 3336 803 3400 modo
824 3348 910 3401 tenet
929 3338 962 3400 in
983 3337 1143 3416 dominio:
1166 3353 1198 3403 et

246 3441 324 3505 licet
338 3441 379 3504 ad
394 3441 464 3525 ejus
474 3441 706 3505 restitutionem
718 3440 940 3504 Cantuariensi
951 3441 1098 3504 ecclesiae
1111 3462 1198 3505 corn·

248 3542 326 3623 petit
346 3542 394 3604 rei
415 3540 609 3618 vendicatio,
631 3551 737 3602 tamen
767 3539 801 3601 id
830 3539 900 3602 fieri
929 3539 980 3602 his
1002 3541 1199 3622 temporibus

250 3643 380 3705 omnino
395 3665 459 3705 non
475 3664 586 3727 spero:
610 3641 817 3704 nihilominus
840 3649 1012 3724 antequam
1027 3643 1076 3705 161
1092 3642 1199 3725 cujus-

249 3744 329 3806 libet
356 3745 546 3807 turbationis
576 3741 739 3816 sedandae,
771 3743 820 3804 val
849 3743 1075 3826 recuperande
1104 3744 1200 3825 regiae

252 3846 360 3926 gratiae
376 3866 482 3923 eausa,
497 3844 628 3928 antiquo
639 3842 717 3926 juri,
733 3843 822 3925 quod
835 3844 869 3905 in
884 3844 940 3906 illo
955 3845 1097 3908 manerio
1114 3845 1199 3908 Can·

252 3944 419 4008 tuariensis
438 3944 574 4008 ecclesia
597 3945 715 4007 habere
730 3941 858 4020 dicitur,
873 3943 1109 4006 renunciarem:
1134 3944 1201 4006 6111-

250 4047 328 4109 libet
342 4046 484 4130 periculo
501 4048 549 4109 161
565 4044 743 4109 discrimini
758 4055 854 4127 caput
871 4043 957 4107 istud
970 4060 1166 4125 opponerem
1175 4045 1202 4105 :‘’
