2864 4598
250 440 289 498 14
543 449 749 496 vrrssauorr
765 451 893 496 raone
1110 433 1155 512 [s.
1168 451 1199 493 n.

246 611 278 662 et
297 607 395 682 caput
416 597 525 678 tetigit.
571 596 780 677 Indignantes
801 618 876 679 ergo
895 598 1042 681 episcopi
1062 595 1198 678 regressi

246 708 329 776 sunt,
351 699 422 762 haec
444 699 512 779 regi
532 698 777 761 renunciantes:
806 706 838 762 et
860 719 997 763 accensa
1020 700 1124 763 estin
1147 697 1199 760 his

247 801 329 882 regis
342 799 533 880 indignatio.

290 897 320 982 ᾗ.
348 905 394 963 16.
423 900 519 964 Missi
543 910 617 964 sunt
643 899 737 963 etiam
762 897 827 962 duo
854 899 1002 983 episcopi
1026 899 1067 962 ad
1090 921 1198 982 regem

244 993 353 1087 petere
383 1003 505 1066 salvum
535 1000 732 1065 conductum
755 999 885 1062 domino
908 1001 1133 1065 cantuariensi
1163 1002 1197 1065 in

243 1103 409 1169 redeundo
425 1102 466 1167 ad
482 1103 652 1166 ecclesiam
672 1123 773 1166 suam.
818 1101 874 1164 Ait
888 1123 946 1166 rex
962 1124 997 1166 se
1011 1102 1045 1166 in
1061 1105 1199 1168 crastino

244 1206 414 1270 familiares
428 1225 504 1268 suos
518 1225 614 1287 super
627 1205 689 1267 hoc
707 1204 937 1283 consulturum,
953 1215 985 1268 et
1000 1207 1046 1269 sic
1063 1227 1106 1269 ex
1121 1228 1198 1270 con·

245 1309 328 1371 sulto
347 1325 581 1389 responsurum.
627 1305 817 1386 Intelligens
832 1305 941 1389 itaque
958 1306 1198 1371 cantuariensis

244 1429 365 1471 moram
386 1407 448 1470 sibi
467 1406 680 1489 periculosam
695 1428 777 1484 esse,
792 1417 824 1471 et
847 1429 903 1490 per
923 1429 994 1470 eam
1014 1409 1074 1474 sibi
1095 1410 1199 1492 parari

243 1508 388 1586 insidias,
403 1506 504 1590 coepit
520 1506 658 1588 cogitare
674 1507 714 1570 de
729 1509 815 1589 fuga,
824 1508 986 1592 jussitque
1007 1510 1041 1572 in
1061 1511 1199 1574 ecclesia

245 1609 346 1674 sancti
367 1608 503 1671 Andreae
526 1609 632 1690 parari
655 1609 717 1671 sibi
738 1610 858 1672 lectum
883 1610 965 1674 inter
989 1610 1053 1673 duo
1077 1613 1197 1675 altaria.

245 1712 317 1785 Quo
333 1710 494 1776 accedens
513 1730 584 1774 cum
606 1711 730 1793 paucis,
744 1720 920 1792 prostratus
941 1712 1041 1794 coepit
1060 1713 1197 1796 psallere

244 1821 365 1896 septem
385 1810 526 1893 psalmos
545 1809 783 1891 poenitentiales
804 1830 878 1872 cunr
898 1810 1021 1889 litania,
1036 1822 1068 1875 et
1086 1813 1196 1895 singu-

243 1915 346 1977 lorum
366 1921 547 1974 sanctorum
567 1909 699 1972 nomina
720 1911 936 1991 pronuncians
958 1911 1099 1995 singulas
1121 1915 1198 1978 fecit

243 2008 494 2094 genuflexiones.
555 2006 628 2078 Quo
666 2009 838 2090 completo,
875 2009 1011 2093 proinde
1047 2011 1197 2092 fatigatus

244 2119 340 2174 strato
356 2131 390 2173 se
404 2108 550 2193 projecit,
567 2109 775 2192 capesseudae
791 2111 908 2193 quietis
929 2113 1083 2178 simulans
1101 2136 1196 2178 occa-

243 2213 374 2276 sionem.

286 2310 316 2396 ᾗ.
334 2316 385 2375 17.
408 2310 535 2374 Deinde
556 2322 678 2375 secreto
698 2332 733 2375 se
755 2313 943 2376 subtrahens
964 2325 997 2377 et
1016 2335 1076 2397 per
1095 2316 1195 2398 posti·

242 2436 314 2479 cum
338 2414 461 2491 exiens,
481 2435 546 2476 uno
568 2413 713 2476 familiari
736 2422 769 2476 et
789 2413 880 2477 fideli
902 2417 1072 2482 comitatus
1093 2417 1195 2495 socio,

242 2516 408 2601 disparuit.
437 2517 537 2579 Mane
550 2525 657 2578 autem
669 2514 753 2578 facto
765 2517 890 2580 subitus
901 2539 1008 2582 rumor
1023 2530 1055 2583 et
1070 2519 1196 2582 sinister

242 2618 283 2683 de
298 2617 497 2683 clandestina
511 2616 745 2700 archipraesulis
763 2618 836 2698 fuga
850 2619 922 2697 hoa,
934 2621 991 2704 qui
1005 2621 1035 2684 ei
1050 2619 1195 2685 adhaese·

240 2731 311 2784 rant
329 2717 494 2796 invadens,
509 2738 621 2780 omnes
642 2717 799 2800 compulit
820 2719 975 2784 latitando
996 2722 1058 2785 sibi
1078 2742 1193 2785 consu-

239 2825 313 2887 lere.
357 2823 575 2885 Veruntamen
603 2819 738 2903 publico
765 2819 871 2884 edicto
898 2821 1119 2886 denuntiatum
1146 2835 1194 2888 est

239 2924 400 2989 neminem
421 2922 456 2985 in
479 2922 743 2987 Cantuarieusem
773 2944 888 2986 manus
917 2924 1058 3009 injicere.
1103 2927 1193 2990 Dum

238 3029 336 3110 igitur
359 3029 422 3090 ista
447 3026 586 3089 turbatio
610 3024 860 3109 circumquaque
883 3023 1082 3104 discurreret,
1105 3027 1191 3091 Can-

238 3129 408 3193 tuariensis
459 3125 633 3209 aliquando
686 3124 823 3203 delituit,
869 3126 999 3190 taudem
1050 3129 1191 3194 Estriam

240 3228 383 3304 veniens,
417 3236 465 3289 est
502 3229 587 3288 euim
625 3225 800 3288 manerium
835 3226 993 3310 prioratus
1023 3228 1191 3294 Cantuari·

239 3329 325 3393 ensis
347 3326 504 3404 ecclesia,
524 3326 571 3389 ibi
594 3346 650 3407 per
676 3325 796 3408 aliquot
822 3326 891 3390 dies
918 3349 1038 3394 moram
1057 3331 1135 3394 facit
1156 3333 1192 3395 in

241 3429 398 3496 conclavi.

281 3529 351 3594 Ubi
379 3529 464 3591 facto
489 3527 524 3590 in
550 3526 669 3611 pariete
700 3525 866 3603 foramine,
889 3529 951 3594 fuit
976 3531 1062 3595 enim
1090 3554 1190 3617 prope

238 3629 420 3706 ecclesiam,
440 3626 563 3690 audivit
584 3626 752 3690 missarum
775 3628 922 3692 solennia
943 3650 1017 3693 cum
1038 3632 1136 3714 plebe
1155 3633 1191 3696 id

237 3733 416 3814 ignorante,
437 3731 624 3814 presbytero
646 3729 743 3793 etiam
768 3732 959 3795 sacramenti
983 3735 1190 3818 perceptione

236 3833 425 3918 perfruente.
470 3829 609 3904 Quidam
631 3841 738 3894 autem
769 3831 904 3896 clericus
925 3833 1022 3918 hujus
1043 3836 1090 3898 rei
1112 3857 1189 3899 cou-

237 3936 323 4001 scius
347 3936 493 3999 osculum
522 3933 611 4017 pacis
636 3932 678 3996 ad
700 3933 979 4018 archiepiscopum
1005 3933 1186 4001 deferebat:

236 4035 398 4101 recedenti
413 4054 540 4119 quoque
554 4042 629 4116 post
643 4033 806 4097 servitium
821 4038 941 4119 populo
955 4059 1014 4101 nec
1026 4038 1060 4100 id
1073 4038 1188 4102 scienti
