2864 4598
316 429 354 488 18
615 441 691 486 vira
706 441 822 486 SANCTI
838 441 966 486 rnoun
1174 417 1217 499 [Δ.
1237 440 1268 484 n.

315 589 402 675 quod
425 610 468 652 ex
497 597 572 669 post
602 588 686 650 facto
716 587 865 651 innotuit.
909 588 1041 650 “Pater
1063 595 1096 650 ct
1123 585 1272 648 domine”

314 691 420 774 inquit
438 690 607 752 “interest
628 689 836 752 beatitudinis
855 697 979 766 vestrae,
994 687 1083 772 qnod
1104 708 1271 772 perperam

316 803 424 857 actum
440 792 535 855 estin
552 790 727 873 perniciem
744 790 969 868 univcrsitatis,
984 788 1025 853 ad
1041 790 1130 872 pacis
1147 799 1179 852 et
1194 810 1270 851 con-

315 893 435 957 cordiae
466 892 612 955 debitum
643 903 760 954 statum
790 891 885 954 citius
915 889 1076 969 revocare,
1104 913 1145 953 ne
1175 891 1273 953 unius

315 995 456 1058 hominis
472 993 689 1056 immoderata
711 993 919 1077 praesumptio
942 994 1113 1055 multorum
1134 1003 1271 1074 stragem

317 1107 350 1162 et
365 1097 532 1161 catholicae
549 1096 693 1159 ecclesiae
710 1096 878 1158 scissuram
894 1096 997 1179 possit
1011 1116 1188 1177 procreare.
1231 1093 1272 1156 Id

318 1220 431 1283 parum
455 1197 590 1261 attendit
615 1196 764 1261 dominus
788 1198 1039 1275 Cantuariensis,
1060 1197 1136 1260 dum
1159 1197 1270 1261 relicto

318 1300 481 1365 maturiori
513 1299 649 1362 consilio
679 1319 713 1360 se
744 1300 847 1361 solum
877 1297 1051 1375 consuluit,
1073 1308 1110 1363 ut
1131 1299 1178 1361 sic
1208 1298 1272 1360 sibi

318 1412 350 1466 ct
372 1401 449 1478 suis,
472 1410 504 1464 et
532 1401 600 1481 regi
621 1408 654 1462 et
675 1420 785 1480 regno,
806 1402 929 1484 populo
952 1408 985 1464 et
1007 1402 1092 1464 clero
1114 1400 1273 1482 graviores

316 1506 443 1568 labores
472 1514 650 1587 procrearet
687 1514 719 1564 et
755 1503 926 1584 angustias.
971 1504 1016 1565 Et
1053 1514 1136 1566 certe
1170 1502 1271 1564 virum

318 1618 415 1672 tantae
438 1605 633 1670 auctoritatis
662 1604 697 1667 id
726 1626 792 1667 non
815 1605 933 1681 decuit,
955 1627 1015 1669 nec
1038 1606 1190 1688 oportuit,
1211 1625 1271 1666 uec

318 1707 491 1793 aliquando
507 1706 842 1791 oportuebat.'’-[Ita
856 1709 1119 1788 grammatizabat
1127 1706 1273 1770 Hilarius

320 1810 528 1875 Cicestrensis
544 1809 702 1873 dicendo:
727 1809 1022 1891 Oportuebat.]—“
1031 1810 1171 1892 Insuper
1185 1827 1272 1884 suot,

319 1914 346 1975 si
361 1925 519 1995 saperent,
534 1935 600 1975 non
616 1914 803 1994 oportuebat
823 1909 884 1974 sibi
904 1913 937 1974 in
959 1914 1078 1976 talibus
1097 1910 1271 1994 praebuisse

320 2016 513 2078 assensum.'’
572 2013 693 2076 Audito
730 2013 834 2094 igitur,
864 2016 1002 2097 qualiter
1030 2012 1189 2077 facundus
1217 2013 1272 2075 ille

321 2116 536 2196 grammatica
565 2116 726 2199 prosiliret
756 2115 797 2178 de
825 2126 920 2198 portu
948 2117 983 2177 in
1013 2125 1150 2199 portum,
1176 2113 1273 2177 soluti

322 2219 450 2281 suntin
473 2218 570 2280 risum
600 2218 752 2280 unirersi.
797 2220 885 2280 Inter
915 2239 997 2300 quos
1019 2238 1102 2281 unus
1129 2237 1273 2299 prorum·

320 2342 404 2403 pens
432 2320 466 2383 in
489 2341 601 2383 vocem
624 2319 750 2403 inquit:
788 2320 808 2352 “
825 2321 915 2382 Male
938 2319 1066 2383 tandem
1088 2319 1204 2381 venisti
1230 2317 1273 2381 ad

319 2423 479 2504 portum.’'
524 2425 562 2484 In
594 2442 659 2504 quo
689 2424 785 2485 verbo
815 2423 1005 2504 episcopum
1033 2422 1124 2484 illum
1149 2421 1195 2484 ita
1223 2421 1274 2483 in-

322 2525 455 2587 fatuavit
477 2524 648 2599 Dominus,
665 2523 752 2607 qnod
774 2523 950 2588 decaetero
972 2525 1074 2587 factus
1096 2533 1144 2587 est
1165 2532 1273 2586 mutus

322 2638 356 2688 et
370 2626 517 2708 elinguis.

368 2721 398 2806 ᾗ.
413 2730 465 2788 21.
488 2726 704 2788 Eboracensis
727 2737 843 2805 autem,
863 2728 1004 2812 priorum
1025 2727 1150 2791 ruinam
1170 2738 1272 2792 atten-

324 2826 415 2901 dens,
445 2827 544 2890 animi
567 2826 723 2910 impetum
748 2829 870 2892 studuit
897 2840 1081 2918 temperare.
1126 2830 1146 2864 “
1162 2828 1276 2893 Pater''

323 2930 428 3014 iuquit
449 2931 587 2994 “mores
603 2930 843 2994 cantuariensis
861 2941 894 2994 et
914 2931 1021 2995 studia
1042 2932 1162 2995 nemini
1181 2932 1273 2995 iuno-

323 3043 411 3095 tnere
432 3033 603 3115 plusquam
626 3033 716 3095 mihi.
761 3036 807 3096 Et
831 3032 864 3095 id
888 3035 985 3097 animi
1008 3034 1077 3120 ejus
1099 3035 1174 3096 novi
1199 3054 1273 3116 pro-

324 3131 464 3213 positum
483 3132 524 3193 ab
542 3130 645 3206 initio,
665 3142 702 3192 ut
724 3131 811 3214 quod
832 3134 931 3195 semel
949 3134 1116 3217 arripuerit
1137 3155 1180 3196 ex
1202 3155 1274 3198 sen-

325 3232 435 3308 tentia,
460 3232 501 3293 ab
531 3252 569 3293 eo
596 3230 636 3292 de
666 3231 753 3293 sacili
782 3254 848 3295 non
879 3235 983 3317 possit
1012 3237 1114 3298 avelli.
1167 3237 1275 3309 Quare

323 3331 450 3393 facilius
465 3331 551 3393 credi
567 3340 691 3414 oportet
705 3332 809 3415 ipsum
825 3334 859 3396 in
875 3335 958 3400 hanc
974 3337 1219 3400 obstinationem
1234 3338 1275 3402 de

325 3452 383 3494 sua
396 3430 524 3494 levitate
540 3430 579 3494 de
597 3452 684 3493 more
705 3431 868 3496 incidisse.
912 3437 957 3499 Et
976 3438 1071 3500 aliam
1093 3459 1158 3501 non
1181 3435 1275 3500 video

325 3532 409 3594 viam
425 3530 466 3593 ad
481 3531 549 3617 ejus
565 3531 804 3609 correctionem,
819 3536 881 3598 nisi
895 3548 932 3600 ut
946 3548 1051 3602 vestra
1065 3537 1216 3602 discretio
1233 3538 1276 3602 ad

325 3633 362 3697 id
382 3634 586 3697 efficiendum
606 3655 734 3697 manum
759 3647 902 3720 apponat
922 3640 1107 3720 graviorem.
1152 3641 1275 3704 Intelli-

327 3736 416 3818 geuti
432 3737 509 3799 satis
524 3737 645 3800 dietum
660 3739 770 3822 puto.”

371 3835 401 3920 ᾗ.
417 3843 468 3900 22.
494 3839 680 3923 Episcopus
702 3844 901 3908 Exonieusis
921 3817 1109 3931 subjunxit:
1134 3846 1155 3880 “
1171 3846 1277 3920 Pater,

326 3961 392 4002 non
409 3947 533 4022 oportet
550 3941 686 4004 multum
699 3943 733 4005 in
748 3944 799 4007 his
818 3945 989 4010 immorari.
1035 3949 1142 4011 Causa
1161 3947 1223 4011 ista
1241 3947 1276 4009 in

326 4041 565 4106 Cantuariensis
580 4044 725 4108 absentia
738 4067 804 4109 uon
818 4047 915 4112 habet
926 4049 1096 4113 terminari.
1134 4049 1277 4113 Petimus
