2864 4598
633 899 801 958 INCIPIT

469 1077 772 1154 TRACTATUS
801 1080 964 1154 ALANI

658 1274 695 1310 DE
708 1274 777 1311 VITA

283 1418 468 1493 SANCTI
494 1419 695 1495 THOMAE
725 1423 1144 1504 CANTUARIENSIS

464 1619 721 1666 ARCHIEPISCOPI
736 1622 778 1666 ΕΤ
794 1623 973 1669 MARTYRIS.

628 2135 806 2181 PROLOGUS.

283 2298 312 2383 l.
333 2306 358 2364 l.
384 2303 509 2364 Honos
524 2313 555 2365 et
578 2303 678 2383 gloria
699 2302 786 2366 beati
808 2303 955 2386 martyris
977 2303 1113 2369 Thomae
1135 2327 1192 2390 per

240 2426 274 2468 se
301 2403 377 2468 satis
403 2402 556 2468 elucescit
581 2404 702 2487 ubique
730 2421 893 2485 terrarum,
920 2405 1013 2491 cujus
1039 2408 1191 2491 splendor

240 2509 350 2571 orbem
373 2506 558 2570 illumiuans
580 2516 719 2589 quatuor
743 2507 855 2571 mundi
877 2509 1008 2573 climata
1029 2510 1063 2572 in
1088 2511 1191 2594 ipsius

239 2607 360 2671 excitat
381 2606 593 2670 devotionem.
637 2607 690 2670 Ad
711 2608 813 2691 ipsius
835 2609 1021 2673 memoriam
1047 2611 1190 2696 undique

240 2707 455 2772 concurritur:
479 2728 588 2785 sexus,
603 2718 691 2787 aetas,
706 2708 852 2772 conditio
872 2712 977 2774 omnis
996 2733 1031 2774 se
1054 2711 1190 2776 devovet

238 2809 279 2873 ad
301 2808 370 2892 ejus
394 2809 596 2890 obsequium.
640 2809 740 2872 Fama
765 2812 945 2892 pervolans,
967 2813 1000 2874 in
1022 2811 1057 2874 id
1082 2812 1189 2895 ipsum

238 2909 369 2974 attrahit
396 2911 546 2972 barbaras
576 2910 671 2971 etiam
700 2910 856 2989 nationes,
883 2913 1001 2995 quibus
1025 2911 1188 2975 sitibunde

239 3010 454 3096 quaerentibus
476 3008 532 3070 viri
559 3009 656 3072 vitam
683 3021 715 3072 et
741 3012 1026 3090 conversationem,
1049 3012 1189 3095 martyrii

237 3113 369 3195 insuper
394 3131 523 3174 oausam
549 3122 581 3174 et
610 3110 823 3190 occasionem,
850 3110 1029 3176 satisfacere
1054 3121 1190 3196 possunt

237 3239 309 3303 quae
325 3214 455 3299 scripsit
468 3236 564 3298 super
577 3216 639 3279 hoc
656 3216 703 3278 vir
719 3215 791 3280 ritae
806 3215 999 3280 venerabilis
1013 3224 1047 3280 et
1061 3217 1187 3282 eximiae

235 3318 371 3396 virtutis,
389 3316 491 3400 ipsius
513 3317 660 3400 martyris
680 3302 816 3381 clericus
837 3324 870 3380 et
891 3317 980 3380 exilii
1000 3340 1119 3398 comes,
1133 3321 1187 3384 tri-

235 3421 410 3486 bulationis
432 3440 562 3504 quoque
584 3441 642 3503 per
665 3420 773 3482 omnia
795 3419 965 3501 particeps,
982 3431 1094 3503 postea
1112 3443 1186 3485 vero

237 3521 443 3588 Camotensis
472 3520 656 3605 episcopus,
680 3522 824 3583 Joannes
854 3519 1104 3597 salisburiensis,
1130 3523 1185 3604 qui

237 3620 358 3685 Christi
383 3621 533 3683 athletam
559 3629 591 3682 et
614 3619 715 3702 ipsius
739 3640 874 3701 agonem
897 3620 1033 3684 breviter
1058 3632 1091 3684 et
1114 3643 1184 3684 suc·

238 3720 341 3782 cincte
367 3717 525 3802 depinxit.
569 3719 687 3781 Verum
711 3720 786 3802 quia
807 3718 841 3782 id
864 3719 969 3802 operis
992 3742 1059 3784 rem
1081 3721 1185 3804 ipsam

236 3817 422 3902 pertingens
435 3819 482 3881 rei
496 3818 629 3882 formam
646 3840 713 3882 non
734 3820 875 3903 explicat
896 3842 954 3904 per·
975 3843 1101 3886 omnem
1118 3843 1185 3884 mo·

236 3920 324 3999 dum,
338 3921 459 4004 placuit
480 3931 511 3984 et
533 3922 673 4004 oportuit
693 3921 741 3984 illi
764 3923 884 4006 scripto
906 3924 1058 4006 epistolas
1074 3944 1184 3986 succe·

236 4021 321 4100 dere,
335 4021 369 4083 in
385 4020 499 4103 quibus
515 4021 694 4086 continetur
708 4021 806 4086 series
820 4034 853 4086 et
867 4021 943 4086 ordo
958 4023 1185 4097 universorum,

704 4140 725 4183 B

602 4232 619 4262 n
