2864 4598
241 447 350 526 nea]
533 461 628 507 auor.
644 461 750 506 sanxo
765 460 909 505 rawxns.
1170 446 1189 501 5

239 608 328 672 sione
343 609 438 672 vellet
458 607 594 672 resilire:
621 606 710 670 ineo
731 606 893 689 praecipue
915 603 991 667 dum
1013 605 1119 687 palam
1141 625 1189 667 re-

238 711 326 789 stitit,
341 733 381 774 ne
397 711 549 794 scriptum
572 711 696 772 iliarum
719 707 1000 780 consuetudinum,
1016 707 1190 796 sicutcon-

238 810 359 875 dictum
379 811 490 902 fuerat,
505 833 564 875 suo
580 811 686 893 sigilio
706 812 934 875 corroboraret.
978 807 1110 872 Exinde
1132 829 1190 872 rex

238 924 401 996 asperatus
416 914 613 995 gravioribus
627 923 661 976 ct
675 912 844 997 exquisitis
860 910 960 995 coepit
974 910 1189 994 archiepisco·

238 1033 315 1095 pum
337 1035 453 1077 vexare
475 1013 711 1092 exactionibus,
725 1013 769 1076 ita
783 1023 820 1075 ut
833 1013 939 1095 palam
963 1010 1052 1074 fieret
1073 1011 1191 1075 intelli-

238 1113 400 1194 gentibus,
415 1115 603 1195 sanguinem
617 1113 686 1199 ejus
701 1123 733 1177 et
747 1113 844 1176 vitam
860 1111 986 1195 requiri.

282 1209 312 1294 ξ.
328 1221 358 1278 5.
390 1214 430 1278 Id
454 1216 560 1298 ipsum
584 1213 816 1298 pertimescens
840 1213 948 1293 fugam
975 1213 1136 1277 consuluit
1158 1221 1191 1276 et

237 1315 368 1379 veniens
383 1315 426 1379 ad
441 1316 616 1379 manerium
635 1337 727 1379 suurn
742 1314 950 1378 Aldintonam
971 1315 1112 1392 nomine,
1128 1336 1190 1379 cae-

237 1418 311 1480 teris
327 1418 560 1482 dormientibus
572 1431 694 1483 secreto
706 1440 740 1482 se
754 1418 915 1502 surripuit,
925 1417 1052 1482 duobus
1067 1428 1190 1481 tantum

238 1519 418 1597 comitatus,
434 1520 627 1603 inventoque
648 1519 777 1602 navigio
800 1520 878 1582 mari
893 1541 927 1582 se
947 1519 1117 1582 commisit.
1162 1520 1190 1580 Α

238 1630 333 1685 rento
359 1642 432 1684 vero
459 1621 618 1684 contrario
641 1620 697 1684 diu
717 1620 877 1701 fatigatus,
900 1620 955 1683 vix
978 1631 1027 1683 est
1048 1620 1191 1684 diluculo

239 1743 313 1785 cum
328 1723 393 1784 vita
407 1721 450 1785 ad
463 1732 576 1785 terram
591 1743 746 1785 reversus.
783 1721 933 1804 Denique
948 1731 1111 1804 comperta
1122 1721 1191 1803 ejus

240 1823 392 1887 discessio
407 1823 578 1886 familiares
594 1823 663 1907 ejus
678 1833 710 1886 et
724 1823 861 1885 famulos
875 1823 1019 1905 singulos
1035 1821 1190 1905 dispersit.

242 1925 376 1989 Caeteris
391 1936 498 1989 tamen
513 1947 598 1989 unus
613 1925 774 2000 audacior,
790 1924 920 1987 veniens
932 1923 1148 2003 Cantuariam,
1157 1924 1190 1987 in

241 2049 398 2090 cameram
422 2028 523 2111 ipsius
546 2027 780 2111 archiepiscopi
804 2026 948 2110 sequenti
970 2037 1065 2091 nocte
1088 2047 1122 2088 se
1142 2047 1191 2091 re·

241 2130 338 2212 cepit,
359 2141 391 2193 et
411 2139 484 2213 post
506 2151 632 2193 coenam
655 2129 810 2193 sollicitus
830 2129 932 2212 coepit
952 2129 1132 2193 contristari
1150 2128 1191 2193 de

240 2251 316 2294 casu
338 2242 370 2295 et
392 2232 539 2315 angustia
561 2231 682 2295 domini
706 2232 764 2294 sui.
808 2231 951 2294 Plurima
972 2232 1081 2316 itaque
1101 2240 1192 2315 parte

239 2333 345 2395 noctis
373 2345 544 2412 transacta,
570 2333 689 2397 volenti
714 2332 888 2416 quiescere,
910 2332 1063 2408 “Vade,”
1087 2333 1192 2417 inquit

240 2454 350 2516 puero,
364 2437 427 2499 “et
447 2435 560 2500 claude
587 2435 719 2498 ulterius
744 2434 863 2499 ostium
886 2436 978 2513 aulae,
993 2445 1028 2497 ut
1048 2435 1191 2498 securius

241 2534 462 2602 dormiamus.'’
506 2539 649 2601 Veniens
671 2548 776 2601 autem
792 2538 870 2601 illuc
887 2559 967 2621 puer
981 2559 1120 2601 accenso
1143 2540 1191 2601 lu-

240 2638 336 2717 mine,
358 2650 469 2723 aperto
492 2641 586 2719 ostio,
608 2640 691 2703 vidit
712 2640 990 2725 archiepiscopum
1013 2640 1046 2702 in
1071 2641 1190 2721 angulo

240 2739 349 2804 sedere
365 2752 398 2805 et
413 2744 534 2805 solum:
559 2764 624 2826 quo
640 2743 708 2805 viso
729 2741 853 2805 territus
874 2741 1005 2822 aufugit,
1020 2753 1137 2826 putans
1157 2764 1190 2806 se

241 2841 400 2906 fantasma
415 2844 543 2908 vidisse.
588 2843 640 2906 Eo
663 2852 825 2925 suggesto,
839 2843 974 2905 clericus
988 2843 1043 2906 ille
1058 2844 1191 2907 nullate-

240 2964 304 3006 nus
332 2946 433 3008 voluit
462 2946 560 3008 fidem
588 2943 751 3019 adhibere,
780 2942 884 3004 donee
913 2942 947 3002 in
973 2963 1031 3004 sua
1055 2963 1193 3025 persona

242 3066 350 3108 verum
365 3048 523 3129 probaret.
567 3046 613 3108 Et
627 3042 759 3107 veniens
779 3044 862 3106 sicut
883 3041 1003 3104 dictum
1025 3054 1083 3121 est,
1098 3044 1145 3107 sic
1161 3055 1192 3108 et

240 3146 371 3213 invenit.
417 3149 611 3214 Convocatis
626 3147 721 3229 igitur
735 3146 777 3211 ad
793 3169 826 3210 se
842 3147 1102 3233 archiepiscopus
1122 3151 1191 3234 qui·

240 3247 376 3312 busdam
397 3248 436 3313 de
456 3250 603 3313 fratribus
618 3248 765 3312 ecciesiae
786 3247 1022 3313 cantuariensis
1042 3252 1192 3336 exposuit

241 3350 280 3414 iis
296 3351 375 3436 quid
390 3353 452 3416 sibi
466 3353 630 3431 acciderit,
645 3361 679 3415 et
693 3351 781 3435 quod
800 3349 945 3414 nondum
967 3352 1061 3416 fuerit
1079 3357 1190 3419 volun·

239 3461 288 3515 tas
299 3454 363 3517 Dei
378 3465 414 3517 ut
427 3454 598 3518 recederet.

284 3549 314 3636 ᾧ.
331 3558 360 3617 6.
383 3557 560 3619 Recreatus
574 3556 669 3638 igitur
683 3554 816 3618 breviori
831 3574 924 3618 coena
939 3555 1074 3637 quievit:
1096 3578 1189 3620 mane

241 3667 346 3719 autem
374 3658 459 3722 facto
478 3659 635 3721 irruerunt
663 3657 885 3720 ministeriales
910 3658 993 3738 regis
1022 3670 1058 3721 ut
1086 3659 1189 3723 archi·

240 3757 394 3840 episcopo
414 3758 555 3840 fugiente
580 3758 793 3821 confiscarent
809 3755 931 3836 omnia3
954 3757 1012 3821 sed
1032 3759 1142 3824 audita
1157 3770 1190 3822 et

243 3856 310 3920 visa
324 3857 393 3941 ejus
407 3862 576 3944 praesentia
590 3860 715 3925 confusi
730 3860 904 3925 siluerunt,

286 3954 315 4040 b.
334 3967 363 4024 7.
387 3962 522 4027 Proinde
538 3975 688 4046 aggravat
700 3984 758 4026 rex
777 3983 904 4025 manum
925 3984 1015 4025 suam
1034 3962 1067 4024 in
1088 3963 1192 4027 archi-

239 4062 439 4146 episcopum,
451 4085 524 4127 eum
540 4065 628 4128 citari
642 4064 762 4128 faciens
777 4062 1046 4146 peremptoriam
1062 4062 1112 4125 die
1128 4075 1189 4126 sta-
