2864 4598
296 430 334 488 ln
594 447 801 493 vrrnsnncrr
817 448 946 495 ruonn
1159 433 1250 512 [un.

296 588 398 676 Cujus
421 594 469 656 rei
491 593 591 676 gratia
611 592 734 678 placuit
753 595 795 673 ei,
812 607 848 658 ut
868 616 1069 679 promoverer
1091 595 1123 657 in
1148 597 1252 660 archi·

296 695 484 778 episcopum
506 696 747 761 cantuariensis
769 697 929 772 ecclesiae‚
944 699 1036 761 Deus
1056 698 1127 777 scit,
1142 720 1194 761 me
1215 698 1251 762 id

294 817 362 859 non
376 799 515 862 volente.
561 799 648 862 Nota
664 797 749 861 enim
765 800 842 862 mihi
857 799 918 863 fuit
932 799 1101 864 infirmitas
1119 822 1203 879 mea,
1219 811 1252 864 et

294 898 397 978 magis
419 920 478 983 pro
500 920 570 978 suo,
591 920 686 983 quam
710 920 768 982 pro
791 900 854 962 Dei
877 921 983 964 amore
1005 900 1163 984 acquievi.
1209 901 1251 965 ld

295 1003 371 1065 satis
384 1002 484 1066 hodie
498 1004 605 1087 palam
621 1009 679 1077 est,
695 1000 771 1064 dum
787 1001 878 1065 Deus
893 1014 973 1067 etse
988 1002 1068 1064 mihi
1083 1003 1252 1082 subtrahit,

295 1112 328 1165 et
352 1100 459 1185 ipsum
485 1125 602 1184 regem.
647 1103 864 1166 Veruntamen
886 1103 919 1164 in
942 1124 1014 1166 mea
1035 1104 1249 1186 promotione,

295 1201 372 1265 dum
395 1205 510 1267 electio
535 1204 636 1279 fieret,
658 1213 813 1286 praesente
838 1204 997 1280 Henrico,
1017 1205 1101 1286 regis
1126 1204 1195 1268 filio
1218 1215 1250 1269 et

293 1304 422 1383 herede,
437 1306 490 1368 cui
511 1315 545 1369 et
565 1306 628 1368 hoc
651 1303 759 1387 ipsum
781 1305 968 1369 mandatum
989 1306 1059 1383 fuit,
1076 1306 1249 1389 quaesitum

295 1417 362 1470 est:
386 1408 513 1490 qualem
528 1427 579 1470 me
593 1404 762 1469 redderent
777 1404 1002 1470 cantuariensi
1017 1407 1190 1471 ecclesiae?
1215 1421 1247 1473 et

293 1528 483 1591 responsum
503 1518 568 1573 est:
593 1509 747 1573 Liberum
767 1517 799 1570 et
820 1509 964 1590 quietum
985 1510 1025 1572 ab
1049 1508 1137 1572 omni
1159 1530 1249 1574 nexu

294 1610 415 1674 curiali.
461 1610 515 1674 Sic
540 1610 639 1692 igitur
663 1610 745 1672 liber
774 1619 806 1673 et
835 1612 1002 1674 absolutus
1025 1611 1206 1695 superbis,
1228 1633 1248 1675 a

294 1712 410 1797 quibus
425 1734 496 1776 sum
516 1713 679 1788 liberatus,
692 1733 754 1774 nec
774 1721 885 1775 teneor
906 1734 966 1775 nec
984 1696 1056 1776 volo
1073 1712 1114 1776 de
1129 1724 1247 1778 caetero

292 1815 512 1899 respondere.”
541 1815 659 1878 Comes
670 1813 790 1897 inquit:
815 1815 891 1876 “Et
904 1815 967 1879 hoc
983 1815 1074 1879 aliter
1089 1836 1123 1878 se
1138 1815 1247 1894 habet,

293 1935 387 1998 quam
403 1914 640 1978 Londoniensis
654 1914 722 1994 regi
738 1915 966 1995 suggesserat.’'
997 1913 1127 1997 Adjecit
1141 1917 1246 1981 archi·

292 2016 482 2098 episcopus:
506 2015 667 2092 “Adhuc,
687 2014 735 2076 fili
757 2036 876 2090 comes,
894 2014 928 2079 id
951 2015 1101 2081 attende:
1126 2031 1247 2101 quanto

292 2116 418 2198 dignior
439 2126 488 2179 est
508 2117 614 2180 anima
635 2136 732 2198 quam
753 2137 880 2200 corpus,
895 2128 984 2181 tanto
1004 2118 1107 2199 magis
1126 2103 1199 2183 Deo
1214 2132 1246 2184 et

292 2218 372 2282 mihi
394 2218 511 2282 teneris
532 2217 673 2294 obedire,
696 2239 793 2301 quam
816 2230 940 2282 terreno
963 2220 1040 2301 regi.
1097 2222 1168 2286 Nec
1190 2224 1246 2287 lex

291 2341 352 2384 nec
374 2322 453 2386 ratio
475 2321 640 2405 permittit,
655 2328 690 2383 ut
710 2319 768 2382 filii
788 2332 911 2405 patrem
927 2321 1079 2407 judicent
1098 2326 1148 2387 vel
1169 2346 1246 2388 con-

291 2421 451 2486 demnent.
496 2421 593 2485 Unde
615 2421 709 2502 regiS,
729 2431 762 2484 et
783 2431 884 2498 tuum,
903 2433 936 2484 et
958 2422 1092 2485 aliorum
1115 2422 1245 2489 declino

286 2523 457 2609 judicium,
477 2525 536 2586 sub
557 2524 629 2587 Deo
649 2544 669 2585 a
688 2524 758 2585 solo
781 2522 910 2587 domino
933 2545 1020 2608 papa
1036 2524 1246 2608 judicanduS,

292 2625 383 2709 cujus
413 2645 519 2688 coram
552 2623 644 2687 vobis
678 2624 827 2687 omnibus
860 2625 1063 2709 praesentiam
1101 2631 1244 2712 appello,

291 2725 430 2789 ecclesia
449 2723 686 2799 cantuariensi,
707 2723 818 2787 ordine
841 2736 874 2788 ct
895 2725 1048 2806 dignitate
1068 2750 1150 2807 mea,
1170 2752 1244 2795 cnm

292 2827 334 2891 ad
363 2827 434 2891 haec
463 2824 710 2911 pertinentibus,
732 2826 792 2888 snb
817 2826 883 2889 Dei
904 2835 937 2889 et
959 2847 1018 2889 sua
1045 2831 1244 2911 protectione

290 2929 413 3013 positis.
458 2929 678 2994 Nihilominus
693 2949 761 3003 vos,
777 2928 888 2992 fratres
908 2939 940 2991 et
960 2930 1149 3014 coepiscopi
1170 2934 1244 3012 mei,

291 3034 369 3117 quia
389 3034 492 3116 magis
513 3030 638 3095 homini
661 3052 756 3114 quam
779 3031 851 3093 Deo
880 3030 1030 3109 obeditis,
1053 3033 1094 3094 ad
1121 3033 1243 3100 domini

290 3157 383 3219 papae
399 3133 595 3198 audientiam
615 3143 647 3194 et
661 3130 822 3215 judicium
837 3152 937 3195 voco:
962 3141 994 3195 et
1009 3132 1056 3197 sic
1073 3136 1242 3200 catholicae

290 3236 437 3299 ecclesiae
452 3244 484 3296 et
498 3231 685 3315 apostolicae
701 3230 788 3293 sedis
803 3234 991 3296 auctoritate
1006 3233 1147 3298 munitus
1165 3237 1242 3300 hinc

288 3335 434 3401 recedo?

334 3436 364 3523 ᾗ.
390 3441 440 3500 13.
469 3437 651 3499 Abeuntem
675 3435 765 3498 illum
789 3447 1025 3520 prosequuntur
1049 3436 1185 3501 curiales
1210 3449 1244 3504 et

290 3540 388 3605 invidi
403 3537 607 3603 contumeliis
622 3547 654 3600 et
667 3534 803 3619 injuriis,
818 3537 1002 3601 traditorem
1017 3539 1108 3600 illum
1123 3550 1156 3602 et
1169 3561 1243 3623 per-

285 3641 393 3726 jurum
409 3639 632 3703 acclamantes.
669 3638 712 3701 Ei
727 3648 833 3702 autem
848 3638 988 3702 venienti
1002 3639 1044 3702 ad
1058 3640 1241 3704 ulteriorem

289 3752 425 3828 portam,
440 3742 548 3804 clausa
567 3752 616 3804 est
631 3739 742 3823 janna,
757 3760 817 3803 nec
839 3741 944 3821 potnit
965 3739 1064 3813 exire,
1085 3743 1175 3804 nullo
1196 3743 1242 3806 ibi

288 3848 420 3908 invento
442 3842 584 3907 custode.
628 3843 674 3905 Et
697 3841 773 3905 dum
799 3862 848 3904 res
874 3853 1018 3922 ageretur
1042 3841 1075 3904 in
1099 3854 1242 3907 metuet

290 3951 399 4027 dubio,
414 3958 494 4011 nutu
509 3947 572 4010 Dei
587 3946 723 4028 contigit
737 3947 841 4009 claves
860 3945 1012 4028 plurimas
1031 3946 1066 4008 in
1085 3947 1240 4012 fasciculo
