2864 4598
173 437 369 516 lter-70]
451 455 545 499 lucr.
565 454 669 500 anano
685 455 832 501 rnwuns.
1082 443 1123 501 ‘29

173 619 247 661 eum
276 600 424 663 exhibuit
453 612 488 663 ut
517 602 710 679 mendicum,
737 602 824 685 quod
851 601 1022 686 plurimum
1049 623 1123 665 suos

168 701 337 782 perterruit
352 703 443 786 quasi
454 704 523 789 jam
539 704 625 766 omni
641 704 784 767 humano
800 705 920 768 auxilio
936 704 1113 767 destitutos.

214 798 245 884 §.
266 807 317 866 33.
342 804 451 867 Tertia
469 827 541 867 vero
565 805 626 882 die,
646 817 774 889 peracto
796 806 882 869 illius
903 806 1027 882 itinere,
1047 805 1123 868 dum

172 905 304 969 sedente
319 906 353 968 in
368 906 510 990 hospitio
533 929 629 991 snper
650 907 701 970 his
720 908 1000 971 confabularentur
1020 908 1061 970 ad
1076 909 1123 970 in-

171 1006 272 1070 vicem
302 1019 335 1069 et
365 1029 474 1071 secum
497 1019 683 1091 quaererent,
710 1031 773 1092 quo
804 1019 936 1092 possent
961 1008 1125 1083 divertere,

173 1107 324 1172 dominus
353 1108 595 1173 Cantuariensis
619 1110 768 1195 jucundo
797 1114 896 1189 vultu,
921 1111 1014 1195 quasi
1043 1111 1124 1173 nihil

171 1207 370 1273 adversitatis
398 1211 532 1288 habens,
555 1222 587 1274 et
615 1211 657 1275 ad
687 1233 799 1274 omnes
828 1212 961 1274 fortunae
986 1213 1125 1296 impetus

170 1311 375 1389 invincibilis,
397 1310 560 1375 moderato
583 1313 648 1375 risu
674 1312 920 1376 condolentibus
945 1315 1052 1378 allusit
1075 1313 1124 1376 di·

172 1431 266 1475 cens:
302 1411 433 1474 “Solus
454 1412 601 1494 impetor,
617 1422 649 1475 et
672 1435 721 1476 me
744 1413 879 1477 cedente
903 1435 968 1477 non
989 1415 1048 1477 erit
1068 1414 1124 1497 qui

171 1534 230 1575 vos
252 1522 457 1597 persequatur
474 1514 590 1593 acrius,
605 1536 666 1578 nec
689 1515 812 1598 adeptis
833 1516 1007 1579 amicorum
1028 1518 1125 1579 bene·

173 1615 266 1692 ficiis,
282 1637 339 1678 vos
354 1615 410 1698 qni
425 1615 575 1679 destituat
590 1617 736 1699 amplius.
774 1617 1006 1680 Consortamini
1021 1617 1127 1699 igitur,

173 1727 205 1779 et
233 1716 333 1780 nolite
363 1720 605 1801 expavescere.'’
663 1719 683 1749 “
699 1716 781 1780 ‘rur’
808 1717 961 1800 inquiunt
989 1719 1125 1799 “magis

172 1819 367 1898 miseremur,
390 1818 467 1882 dum
489 1821 652 1884 nescimus
676 1841 741 1903 qno
764 1819 868 1902 possis
891 1819 1056 1895 divertere,
1079 1820 1126 1882 vir

171 1931 268 1983 tantae
297 1922 504 2000 auctoritatis,
534 1944 553 1985 a
583 1924 715 1985 summis
744 1934 777 1984 et
806 1922 925 1984 ultimis
955 1923 1125 1986 derelictus

172 2023 311 2087 amicis?
353 2025 627 2108 Archiepiscopus
640 2025 758 2108 inquit:
783 2024 887 2086 “Deo
903 2025 1002 2087 nostri
1017 2045 1126 2088 curam

174 2126 415 2189 committimus.
451 2128 498 2190 Et
512 2149 555 2190 ex
571 2149 636 2209 quo
652 2128 815 2210 utriusque
831 2126 919 2207 regni
935 2127 1030 2189 nobis
1045 2147 1125 2210 prae·

173 2227 311 2290 cluditur
325 2228 441 2306 aditus,
450 2250 510 2292 nec
524 2228 565 2292 ad
574 2231 738 2292 Romanos
749 2230 887 2291 latrones
898 2229 1127 2292 consolationis

175 2329 275 2407 gratia
290 2329 363 2411 quis
378 2331 516 2393 consulit
530 2352 591 2392 nos
606 2350 774 2403 recurrere,
787 2328 908 2411 quippe
924 2329 979 2410 qui
995 2329 1125 2392 misero·

173 2448 242 2491 rum
258 2430 362 2512 spolia
379 2442 411 2493 et
432 2432 501 2494 sine
524 2430 651 2494 delectu
675 2431 849 2514 diripiunt:
884 2430 947 2493 alia
965 2440 1014 2492 est
1032 2431 1126 2494 nobis

175 2530 225 2592 via
239 2531 491 2613 procedendum.
529 2532 717 2595 Audivimus
732 2530 891 2615 siqnidem
907 2530 1126 2595 circaArarim

172 2632 306 2696 fluvium
321 2633 516 2715 Burgundiae
538 2655 638 2717 usque
654 2633 695 2698 ad
711 2645 817 2716 partes
832 2635 1004 2715 provinciae
1018 2634 1126 2697 liberi·

175 2755 245 2798 ores
274 2757 345 2799 esse
374 2737 532 2800 homines.
577 2736 629 2799 Ad
658 2737 719 2798 hos
749 2758 809 2816 ego
832 2746 865 2798 et
893 2757 976 2798 unus
999 2757 1126 2800 mecum

173 2838 298 2920 pedites
325 2841 455 2913 ibimus,
479 2841 534 2922 qui
564 2840 631 2902 visa
661 2838 834 2902 afflictione
856 2850 967 2900 nostra
995 2838 1126 2900 forsitan

174 2941 275 3002 nostri
289 2942 534 3015 miserebuntur,
547 2940 697 3002 victualia
709 2939 924 3000 ministrantes
935 2936 976 3000 ad
990 2947 1126 3019 tempuS,

175 3039 279 3104 donec
301 3063 361 3104 nos
380 3043 561 3106 visitaverat
581 3041 680 3103 Deus.
725 3039 843 3101 Potens
863 3046 912 3101 est
927 3039 1018 3101 Deus
1040 3050 1072 3101 et
1093 3042 1125 3101 in

174 3141 286 3204 ultimo
301 3143 435 3207 miseriae
448 3145 573 3207 calculo
583 3142 649 3205 suis
664 3140 789 3204 adesse:
811 3152 842 3204 et
855 3139 979 3203 infideli
991 3140 1129 3202 deterior

174 3254 234 3321 est,
257 3245 313 3328 qui
338 3245 378 3309 de
401 3246 464 3310 Dei
487 3246 633 3330 desperat
659 3243 905 3307 misericordia.”
949 3244 995 3305 Et
1020 3243 1127 3306 statim

175 3344 277 3409 adsuit
291 3368 350 3430 pro
366 3347 486 3412 foribus
501 3349 565 3412 Dei
580 3348 750 3411 miseratio.
794 3345 942 3409 Accurrit
956 3346 1041 3408 enim
1058 3347 1127 3429 qui-

175 3446 250 3510 dam
264 3450 403 3512 serviens
422 3450 506 3531 regis
521 3449 677 3523 Franciae,
694 3449 747 3531 qui
768 3446 907 3510 diceret:
932 3446 1127 3510 “Dominus

174 3570 234 3613 rex
249 3573 304 3614 vos
321 3551 363 3614 ad
378 3553 498 3615 curiam
513 3552 637 3615 vocat.'’
681 3550 733 3612 Ad
755 3548 818 3612 hoc
835 3549 879 3611 ait
900 3569 982 3610 unus
997 3569 1105 3610 eornm
1118 3573 1126 3611 :

175 3653 259 3716 “Ut
288 3652 453 3736 ejiciamur
472 3674 502 3725 ‚a
529 3652 658 3734 regno.”
703 3649 975 3732 Archiepiscopns
1005 3650 1127 3732 inquit:

175 3758 195 3788 “
212 3757 289 3819 Non
301 3777 336 3818 es
347 3756 513 3839 prophete,
524 3777 584 3818 nec
600 3753 766 3836 prophetae
782 3752 878 3829 filius,
887 3752 953 3814 noli
965 3753 1128 3815 vaticinari

151 3919 153 3922 .
177 3855 332 3919 sinistra.''

220 3957 250 4042 §-
265 3965 317 4022 34.
342 3961 515 4023 Venientes
537 3981 611 4042 ergo
627 3959 816 4022 invenerunt
837 3956 1000 4018 dominum
1022 3975 1127 4036 regem

176 4082 250 4124 cum
279 4061 359 4125 tristi
381 4060 470 4122 vultu
492 4057 666 4136 sedentem,
689 4069 721 4121 et
743 4079 808 4120 non
831 4065 1047 4136 assurgentem
1069 4076 1127 4138 pro
