2864 4598
570 881 794 946 EPISTOLA
816 883 856 944 V.

386 1146 431 1192 tn
445 1145 667 1190 Buunmcrum
683 1145 841 1190 ΔΒΒΔΤΕΜ
858 1146 902 1191 DE
917 1146 1040 1192 BURGO.

241 1363 417 1426 Benedicta
446 1359 558 1422 abbati
583 1360 624 1422 de
652 1361 765 1442 Burqo
788 1363 915 1426 Alanus
935 1364 1028 1443 prior
1050 1364 1191 1425 ecclesio

437 1463 563 1525 Christi
579 1463 830 1527 Cantauriensia
843 1465 994 1528 sulutem.

282 1668 390 1729 chnr
403 1667 443 1745 is,
459 1665 514 1749 qui
531 1674 657 1748 praeest,
676 1685 721 1729 ex
738 1665 924 1728 hominibus
945 1675 1127 1748 assumptus
1150 1666 1192 1728 sit

240 1791 259 1832 a
281 1767 422 1830 Domino
444 1766 478 1830 in
500 1766 731 1829 correctionem
750 1765 962 1842 subditorum,
981 1765 1192 1830 nihilominus

239 1882 345 1934 tamen
370 1891 469 1952 quum
492 1868 624 1932 aliorum
645 1877 746 1930 errata
765 1868 903 1951 corripit,
917 1869 1015 1932 habet
1036 1869 1099 1932 sibi
1118 1891 1192 1953 pro·

241 1972 373 2055 spicere,
389 1970 537 2053 quoniam
553 1969 668 2053 etipse
685 1967 901 2033 circumdatus
917 1980 966 2033 est
979 1970 1186 2035 infirmitate:

239 2084 272 2137 et
293 2094 391 2157 quum
415 2071 587 2134 innotuerit
606 2071 636 2134 ei
656 2071 809 2153 quoniam
828 2081 862 2135 et
883 2071 951 2155 ipse
972 2092 1045 2134 cum
1068 2073 1193 2136 caeteris

238 2176 426 2250 infirmatur,
440 2195 497 2256 pro
514 2185 599 2237 certo
614 2174 649 2236 in
663 2174 727 2237 hoc
748 2173 938 2238 admonetur
951 2176 1086 2239 aliorum
1102 2198 1191 2240 com·

240 2278 305 2362 pati
326 2275 513 2350 infirmitati,
536 2296 635 2358 quum
659 2274 730 2356 ipsa
753 2295 849 2356 poena
871 2274 1009 2339 docente
1032 2275 1136 2341 discat
1156 2277 1191 2341 in

239 2379 386 2462 propriis,
412 2377 548 2461 qualiter
573 2375 686 2438 alienis
709 2374 826 2439 debeat
850 2376 972 2441 mederi
993 2378 1191 2442 vulneribus.

240 2476 354 2542 Noluit
368 2479 474 2560 itaque
487 2475 596 2539 divina
607 2477 803 2559 dispensatio
818 2477 1011 2542 infirmitatis
1026 2490 1191 2563 expertem

239 2599 422 2665 quenquam
438 2577 583 2653 inveniri,
598 2578 679 2639 utin
696 2599 734 2639 eo
750 2577 837 2662 quod
852 2579 1010 2646 infirmius
1026 2581 1190 2663 praefertur

238 2681 384 2758 infirmis,
408 2679 517 2742 nullus
543 2679 704 2758 glorietur,
730 2680 788 2743 sed
813 2683 915 2762 magis
940 2684 995 2766 qui
1023 2704 1081 2747 suo
1106 2704 1189 2766 prae·

236 2793 383 2866 gravatur
406 2780 559 2865 pondere,
582 2782 615 2844 in
643 2803 676 2844 se
698 2781 881 2846 humiliatus
903 2783 1102 2847 subditorum
1125 2804 1190 2846 sar-

239 2887 328 2951 cinas
343 2884 523 2948 ferventiori
538 2886 656 2948 affectu
671 2883 798 2948 studeat
812 2884 974 2949 humiliter
988 2897 1188 2971 supportare,

239 3001 270 3052 et
285 2990 361 3053 dum
377 2999 532 3052 errantem
550 2987 692 3070 respicit,
707 2987 886 3050 meminerit
907 3009 941 3050 se
960 2988 1066 3071 ipsum
1089 3008 1191 3070 quau-

238 3091 345 3173 doque
362 3111 490 3174 errasse.
536 3090 656 3152 Errans
678 3089 789 3152 erravit
810 3090 878 3151 ovis
901 3089 940 3153 de
963 3111 1058 3171 grege
1074 3098 1192 3168 restro,

240 3205 272 3255 et
292 3194 327 3254 in
350 3193 476 3254 deserto
496 3189 678 3253 solitudinis
698 3191 844 3273 perierat,
858 3191 915 3254 sed
936 3192 1068 3254 inventa
1086 3201 1143 3269 est,
1159 3198 1192 3254 et

238 3294 403 3355 revertitur
426 3291 466 3355 ad
487 3292 586 3366 ovile;
611 3293 729 3373 aperite
752 3292 793 3370 ei,
813 3292 840 3354 si
860 3293 979 3377 placet,
1001 3292 1127 3370 ostium,
1149 3312 1190 3353 ne

239 3393 377 3477 amplius
400 3401 491 3469 erret,
506 3404 538 3455 et
560 3412 647 3455 error
662 3393 731 3477 ejus
753 3394 783 3457 ei
804 3395 988 3479 imputetur,
1010 3395 1065 3478 qui
1086 3394 1191 3458 noluit

237 3516 307 3557 eam
334 3495 375 3557 ab
400 3515 503 3557 errore
526 3494 713 3558 redeuntem
738 3497 888 3579 recipere.
943 3498 1020 3559 Non
1046 3507 1190 3574 excusat,

239 3597 297 3666 sed
320 3597 434 3660 fatetur
455 3618 488 3660 se
509 3618 648 3674 errasse3
670 3598 827 3681 promittit
848 3598 1117 3674 emendationem,
1132 3619 1188 3660 ex·

237 3699 377 3782 postulat
391 3719 456 3760 non
475 3697 635 3782 judicium
656 3699 714 3761 sed
733 3698 991 3763 misericordiam.
1037 3701 1120 3762 Date
1136 3720 1189 3762 ve-

236 3801 322 3863 niam
348 3810 381 3862 et
405 3810 544 3863 recreate
568 3799 751 3863 dolentem:
774 3801 853 3864 forte
880 3801 998 3864 cecidit
1022 3810 1057 3863 ut
1079 3799 1190 3864 fortior

236 3911 389 3981 resurgat,
412 3912 443 3962 et
465 3900 521 3991 qui
543 3900 584 3963 de
605 3921 639 3962 se
664 3900 801 3984 amplius
823 3922 921 3985 quam
943 3901 1084 3984 oportuit
1110 3922 1187 3964 con·

168 4078 171 4082 Α
236 4000 368 4079 fidebat,
384 4002 515 4066 docetur
531 4003 563 4067 in
580 4024 613 4065 se
629 4001 798 4081 humiliari,
814 4024 854 4065 ne
875 4003 1014 4087 amplius
1029 4013 1189 4085 evagetur,
