2864 4598
204 418 223 477 8
495 428 571 476 vrrs
588 407 704 476 'sancrr
720 429 849 477 rnonn
988 400 997 417 '
1049 412 1161 494 .[s.u.

205 576 350 654 tendum,
362 598 438 641 ecce
453 577 509 660 qui
525 577 575 641 sui
590 578 836 656 sunt‚'audinnt,
847 597 903 661 per
912 599 995 660 quos
1009 576 1043 640 id
1056 577 1163 662 ipsum

175 683 178 688 ’
205 679 385 742 innotescet
410 678 488 760 regi,
514 679 686 762 statimque
709 680 820 763 ejiciar
843 689 935 743 extra
956 700 1165 763 synagogam,

206 781 310 845 eterit
325 801 394 845 sors
414 801 486 844 mea
500 780 541 844 de
562 792 677 845 caetero
701 803 774 845 cum
793 780 935 866 publicis
956 782 1116 860 hostibus,
1130 791 1164 844 et

206 881 447 947 condemnatis:
474 882 595 947 idcirco
617 904 678 947 nec
700 884 763 949 hoc
786 883 871 962 dico,
894 905 955 948 nec
978 883 1060 947 illud
1082 904 1161 946 con-

206 985 305 1048 su10.”

250 1082 279 1168 ᾧ.
298 1091 347 1151 10.
368 1087 432 1151 His
445 1087 491 1150 ita
505 1087 604 1168 gestis
616 1085 766 1150 sederunt
778 1085 977 1169 aliquamdiu
991 1087 1051 1149 sub
1067 1085 1163 1150 silen-

207 1188 270 1253 tio:
295 1210 355 1252 neo
378 1198 445 1252 erat
467 1189 522 1271 qui
544 1188 682 1272 amphus
695 1187 748 1250 his
763 1187 889 1270 aliquid
910 1187 1073 1271 adjiceret.
1118 1190 1165 1252 Et

207 1300 273 1352 arte
288 1289 423 1373 quaesita
438 1301 472 1352 ut
488 1298 613 1370 pateret
628 1289 674 1352 eis
689 1289 807 1368 exituS,
821 1288 939 1352 inclusi
960 1289 1044 1353 enim
1062 1300 1164 1367 erant,

206 1391 226 1424 “
243 1392 344 1455 Volo”
366 1391 470 1475 inquit
492 1389 640 1455 dominus
663 1390 913 1469 Cautuariensis,
936 1393 1062 1476 “loqui
1088 1415 1164 1456 cum

209 1493 335 1558 duobus
350 1494 532 1572 comitibus,
544 1495 599 1578 qui
611 1515 685 1557 cum
696 1516 771 1575 rege
788 1496 897 1571 sunt;”
921 1517 1003 1579 quos
1018 1508 1050 1559 et
1061 1496 1163 1560 nomi·

208 1595 306 1660 navit.
350 1596 468 1660 Vocati
497 1595 545 1659 illi
573 1597 692 1679 apertis
719 1595 809 1659 ostiis
829 1594 1021 1660 introierunt
1050 1618 1165 1681 prope·

208 1708 324 1776 ranter,
340 1697 505 1762 credentes
526 1696 649 1782 aliquid
662 1696 783 1775 audire,
799 1697 885 1781 quod
899 1698 1020 1779 regiam
1036 1699 1166 1763 satiaret

209 1801 414 1865 voluntatem.
472 1799 681 1864 Adstantibus
716 1800 768 1862 his
804 1799 848 1863 ait
885 1800 1164 1884 archiepiscopus:

208 1903 350 1987 “Super
371 1904 432 1979 his,
457 1902 498 1966 de
522 1903 640 1987 quibus
664 1924 724 1965 nos
747 1901 895 1966 dominus
922 1924 981 1966 rex
1006 1903 1167 1991 convenit,

210 2005 413 2068 contulimus.
458 2005 505 2067 Et
524 2004 599 2088 quia
622 2024 687 2066 non
710 2004 868 2067 habemus
882 2003 925 2067 ad
939 2025 1082 2088 praesens
1097 2026 1165 2080 eos,

211 2106 329 2190 quibus
343 2127 393 2169 res
408 2106 481 2190 ipsa
494 2105 596 2186 magis
618 2105 768 2184 innotuit,
781 2106 855 2169 ideo
877 2128 980 2192 usque
1001 2107 1036 2170 in
1056 2109 1165 2173 crasti-

209 2229 287 2272 num
308 2207 446 2291 petimus
472 2207 629 2286 induciaS,
650 2220 728 2272 tunc
755 2201 949 2292 responsuri,
970 2209 1053 2273 sicut
1074 2212 1166 2273 Deus

211 2311 307 2375 nobis
331 2310 562 2395 inspiraverit.’'
606 2310 658 2373 Ad
682 2310 753 2374 haec
783 2311 852 2392 regi
877 2310 1049 2376 deferenda
1077 2313 1167 2378 missi

212 2423 287 2475 sunt
301 2412 540 2476 Londouiensis
562 2421 594 2476 et
615 2412 778 2476 Roffensis
799 2412 954 2496 episcopi.
1000 2414 1166 2478 Londoui-

210 2512 297 2577 ensis
312 2524 416 2577 autem
432 2516 491 2577 sub
508 2516 602 2597 vulpe
616 2515 719 2578 latens
734 2513 914 2598 injunctum
937 2515 998 2578 sibi
1019 2517 1168 2600 pervertit

211 2615 385 2696 negotium,
416 2614 527 2678 dicens
556 2615 625 2697 regi
660 2615 939 2699 archiepiscopum
971 2617 1057 2700 apud
1092 2640 1165 2681 eum

210 2717 373 2798 postulare
387 2715 534 2780 inducias
556 2716 598 2780 ad
615 2715 826 2800 praeparanda
839 2717 1060 2797 instrumenta,
1075 2721 1167 2803 quasi

212 2829 330 2884 statuto
345 2819 397 2884 die
412 2821 567 2884 rationem
589 2820 771 2885 redditurus
794 2841 889 2904 super
909 2819 1053 2904 objectis,
1068 2833 1105 2885 ut
1120 2822 1165 2888 sic
1223 2861 1226 2868 Α

170 2910 190 2945 ⁴
211 2923 312 3006 magis
338 2923 530 3006 obligaretur
558 2921 821 3006 archiepiscopus
851 2921 892 2985 ad
917 2923 1167 3006 exequutionem

211 3029 308 3110 regiae
323 3028 507 3091 voluntatis.
552 3025 678 3089 Directi
694 3033 771 3104 sunt
782 3024 880 3106 igitur
895 3022 959 3087 duo
976 3027 1110 3090 comites
1124 3025 1168 3090 ad

212 3129 490 3214 archiepiscopum
511 3129 689 3211 postulatas
704 3135 852 3208 exparte
868 3127 951 3208 regis
969 3126 1166 3191 deferentes:

214 3232 241 3295 si
256 3241 363 3294 tamen
378 3238 480 3293 ratum
496 3225 744 3312 haberet,'’quod
759 3248 800 3290 ex
820 3239 910 3312 parte
925 3250 983 3292 sua
1003 3250 1061 3312 per
1081 3230 1166 3313 epis·

215 3353 314 3416 cupos
330 3333 431 3394 suerat
445 3332 512 3412 regi
533 3340 727 3412 suggestum.
772 3330 845 3402 Quo
867 3331 977 3394 audito
999 3332 1044 3394 ait
1066 3332 1168 3396 archi-

214 3434 389 3518 episcopus
413 3454 447 3496 se
468 3432 503 3495 id
524 3432 558 3494 in
580 3430 741 3495 mandatis
762 3453 826 3494 non
849 3431 988 3509 dedisse,
1003 3455 1109 3516 neque
1123 3432 1169 3512 id,

214 3535 302 3620 quod
324 3536 392 3618 regi
415 3545 599 3618 suggestum
621 3535 734 3614 fuerat,
757 3545 919 3598 seratum
942 3535 1079 3613 habere;
1111 3535 1169 3599 sed

213 3636 265 3700 die
281 3636 441 3721 sequenti,
452 3637 525 3699 Deo
536 3645 676 3714 auctore,
686 3657 720 3698 se
730 3646 899 3698 venturum
915 3645 946 3699 et
961 3635 1044 3700 sicut
1058 3635 1169 3700 datum
1242 3639 1244 3642 ’

213 3736 306 3799 fuerit
320 3735 470 3819 desuper,
484 3756 722 3820 responsurum.
759 3735 903 3799 Erubuit
912 3735 1169 3817 ergoLondoni-

212 3838 308 3914 ensis,
333 3836 411 3900 dum
436 3836 557 3900 videret
583 3858 617 3899 se
644 3836 796 3900 incidisse
821 3837 856 3900 in
885 3839 1047 3922 laqueum,
1073 3859 1167 3922 quem

213 3940 381 4005 contexuit
395 3939 436 4004 ad
451 3950 572 4023 patrem
589 3960 682 4003 suurn
697 3939 934 4022 decipiendum.
981 3941 1094 4006 Soluto
1110 3940 1167 4005 ita·

211 4062 273 4123 que
290 4040 427 4106 coneilio
444 4062 480 4104 ea
497 4039 547 4102 dio
564 4038 779 4103 discesserunt
795 4041 834 4102 ab
851 4039 998 4103 invicem.
