2864 4598
629 404 806 455 EPISTOLAE.
1150 393 1193 451 47

237 550 344 619 animo
359 551 576 625 turbulentum
599 555 770 633 insederat,
786 554 940 640 quicquid
959 552 1191 638 desperationis

232 657 453 741 ‘praecipirium
468 657 679 736 minitaverat,
690 661 736 723 sic
752 681 828 723 aura
839 657 1068 723 consolationis
1079 665 1191 720 vestrae

237 760 382 823 funditus
404 760 524 842 abegit,
547 772 584 824 ut
606 761 684 833 mihi
705 760 864 824 videretur
887 761 1044 845 aspirasse
1066 759 1136 822 dies
1158 769 1191 821 et

236 862 350 924 umbra
379 861 568 924 declinasse.
619 861 706 934 Quid
736 877 821 926 certe
852 863 993 925 serenius
1022 862 1189 923 verborum

238 961 442 1027 sinceritate?
471 963 557 1036 Quid
573 964 738 1028 efficacius
753 964 863 1027 dilecti
886 975 918 1026 et
937 963 1061 1026 domini
1077 982 1191 1026 conso-

236 1065 377 1128 latione?
433 1060 521 1137 Quid
546 1065 724 1149 jucundius
748 1066 780 1127 in
807 1065 1011 1128 adversorum
1041 1064 1191 1127 torculari

238 1166 353 1249 posito,
369 1187 467 1249 qnam
490 1187 508 1228 a
526 1165 646 1228 doloris
661 1165 852 1248 compendio
875 1165 1061 1229 aetcmitatis
1084 1185 1190 1248 repro·

238 1268 358 1330 missio.
404 1269 519 1352 Itaque
541 1290 605 1330 non
627 1282 701 1331 sunt
715 1268 884 1350 condignae
907 1271 1075 1352 passiones
1096 1267 1191 1352 hujus

233 1368 391 1453 ,temporis
414 1369 456 1432 ad
478 1370 614 1432 futuram
638 1370 771 1450 gloriam
787 1392 859 1454 quae
881 1372 1070 1435 revelabitur
1085 1372 1119 1434 in
1141 1371 1192 1432 his

240 1470 295 1554 qui
318 1472 495 1535 secundum
519 1474 718 1558 propositum
741 1474 844 1536 vocati
867 1484 941 1536 sunt
963 1475 1076 1552 sancti,
1092 1483 1127 1536 ut
1148 1474 1192 1536 ait

240 1576 425 1655 apostolus:
451 1577 643 1638 Nullateuus
658 1576 754 1656 igitur
769 1575 1031 1657 murmurandum
1054 1576 1081 1638 si
1104 1585 1193 1638 secat

241 1685 296 1738 aut
319 1688 389 1740 urat
415 1677 584 1755 Dominus
608 1677 683 1760 quia
709 1678 774 1739 sire
798 1678 948 1740 morimur
970 1678 1036 1740 sive
1059 1678 1191 1740 vivimus

241 1776 375 1838 Domini
397 1797 517 1846 sumus
540 1796 715 1860 perquem
738 1775 845 1837 omnia
863 1775 956 1837 nobis
981 1788 1194 1858 cooperantur

239 1877 273 1939 iu
298 1880 430 1941 bonum.
475 1877 614 1941 Tantum
640 1877 720 1940 fides
745 1898 810 1939 non
837 1875 981 1953 dormiat,
1004 1877 1193 1939 sustinentia

240 2002 305 2043 non
321 1981 464 2044 deficiat.
494 1980 652 2043 Memoria
667 1988 848 2043 sanctornm
865 1979 897 2040 in
915 1979 1066 2042 cordibus
1081 1979 1194 2042 vestris

241 2080 355 2162 vigeat.
400 2081 451 2143 Ad
468 2102 603 2165 qnorum
619 2081 768 2143 nimirum
783 2082 932 2163 exempla
947 2101 1021 2142 caro
1037 2101 1110 2142 cnm
1127 2079 1193 2142 suis

240 2180 419 2259 desideriis,
434 2181 572 2245 mundus
588 2205 659 2245 cum
677 2182 742 2245 suis
757 2183 916 2245 illecebris
928 2183 1111 2258 calcantur3
1136 2182 1200 2245 de·-

241 2285 339 2368 nique
355 2284 511 2369 quicquid
527 2284 678 2366 ingeritur
689 2282 824 2346 eliditur.
870 2285 914 2347 Et
930 2283 957 2345 si
973 2282 1036 2346 sint
1052 2284 1106 2367 qui
1121 2284 1192 2345 sab·
1233 2345 1245 2360 ς

240 2387 351 2448 batum
368 2396 505 2447 vestrum
527 2385 715 2468 inquietent,
737 2384 936 2466 impossibile
959 2394 1064 2447 tamen
1088 2396 1193 2448 estut

242 2489 435 2563 exturbent3
469 2497 501 2549 et
526 2487 589 2548 boc
620 2485 749 2570 quidem
776 2486 944 2550 salubriter
968 2488 1128 2570 provisum
1158 2499 1195 2550 ut

241 2610 408 2672 nunqnam
424 2588 507 2651 desit
522 2589 688 2671 pugnandi
705 2588 854 2652 materia:
871 2590 987 2672 quibus
998 2599 1094 2653 restat
1109 2590 1193 2652 erin-

240 2690 388 2754 centibus
404 2710 534 2752 corona.
560 2689 688 2751 Stemus
699 2689 800 2770 igitur
813 2689 907 2752 simul
920 2691 953 2752 in
970 2689 1111 2752 Domino
1127 2710 1196 2751 mn-

181 2850 182 2854 ,
240 2801 329 2855 tuam
345 2793 552 2855 observantes
567 2791 740 2864 caritatem,
753 2791 904 2854 malitiam
922 2791 1045 2854 dierum
1060 2791 1194 2853 istorum

238 2894 400 2977 ,patienter
424 2895 604 2957 tolerantes.
649 2891 827 2955 Transeant
857 2893 927 2955 dies
953 2905 984 2955 et
1010 2893 1090 2969 dies,
1118 2892 1195 2953 anni

242 3004 276 3057 et
291 2994 386 3058 anni:

417 3094 605 3157 -dabit
621 3093 710 3157 Dens
725 3094 775 3157 his
790 3116 918 3179 qnoque
933 3095 1040 3158 finem.

245 3199 340 3263 Certe
367 3199 454 3283 quod
480 3197 609 3261 honoris
635 3196 713 3258 mihi
735 3207 783 3260 est
804 3199 893 3261 oneri
919 3210 977 3278 est,
998 3220 1063 3261 non
1090 3209 1195 3263 tamen

244 3300 460 3385 abjiciendum
486 3299 600 3363 credo:
625 3321 724 3383 quum
751 3301 862 3363 melior
883 3300 1008 3366 dicatur
1030 3303 1077 3365 vir
1099 3304 1196 3366 ruale-

243 3402 366 3466 faciens
382 3425 478 3488 qnam
493 3402 607 3465 mulier
619 3402 703 3464 domi
719 3402 834 3466 sedens
849 3416 881 3468 et
895 3427 985 3483 nens,
997 3416 1029 3468 et
1043 3405 1076 3468 in
1092 3427 1197 3490 pauco

244 3503 375 3570 fidelem
397 3527 523 3569 servum
544 3525 640 3587 super
654 3506 754 3567 multa
773 3507 908 3588 legimus
929 3508 1197 3572 constituendum·

247 3606 474 3670 Obedientiam
499 3607 596 3688 igitur
610 3608 761 3688 praelatis,
776 3609 912 3672 subditis
931 3610 1116 3673 famulatum
1139 3631 1198 3674 ex·

246 3707 406 3785 hibentes,
427 3729 541 3792 pacem
560 3728 634 3771 cum
657 3709 807 3772 omnibus
830 3711 994 3789 habentes,
1015 3711 1198 3774 studeamus

246 3807 388 3882 insimul,
401 3806 531 3870 domine
541 3806 716 3884 carissime,
725 3808 831 3870 cordis
844 3809 1011 3872 sabbatum
1022 3811 1199 3885 observare,

247 3908 368 3972 culices
393 3909 608 3993 undecunque
639 3910 813 3988 venientes,
842 3911 1042 3974 discretionis
1071 3912 1198 3993 flagello

248 4013 437 4094 propellere,
462 4023 495 4074 et
518 4011 647 4090 crebris,
673 4013 701 4074 si
724 4013 845 4095 placet,
866 4015 1028 4096 epulamm
1053 4020 1200 4081 consola-
