2864 4598
633 454 814 499 urrsronm.
1158 441 1197 500 51

239 606 408 688 singularis
423 606 548 669 amicus
563 606 766 686 singulariter
777 626 847 668 sum
859 606 1024 688 loquutus,
1037 627 1077 668 ne
1090 603 1197 668 ridear

239 706 280 772 de
294 729 360 771 uno
376 707 458 770 iuter
471 717 519 772 tot
533 707 634 770 millia
649 708 704 769 vix
721 707 852 770 invento
868 728 942 769 vero
963 707 1067 770 amico
1090 708 1197 789 plures

240 810 436 892 confingere,
466 809 646 874 secundum
677 809 765 892 quod
794 809 955 872 adulatrix
980 810 1091 891 lingua
1120 830 1196 872 con-

240 914 342 976 suevit
356 913 396 976 ad
412 913 559 996 quemvis
574 933 672 975 unum
689 910 783 994 cujus
798 911 876 973 velit
896 911 958 973 sibi
975 911 1111 974 savorem
1128 912 1196 975 alli-

240 1035 321 1091 cem,
337 1037 403 1078 non
419 1014 597 1097 simplicem
613 1012 669 1076 sed
685 1014 841 1096 pluralem
857 1033 1035 1075 sermonem
1052 1013 1195 1094 dirigere.

240 1115 352 1178 Valete
365 1113 371 1176 !

562 1512 786 1575 EPlSTOLA
808 1512 868 1574 XI.

319 1748 364 1791 tu
378 1746 536 1791 JOANNEM
552 1745 844 1792 ARGHIEPISCOPUM
861 1746 1121 1793 LUGDUNENSEM.

287 1929 432 1992 Joltannt‘
454 1927 520 1990 Dei
540 1931 654 2010 pretia
678 1929 888 2010 Lupdtmensi
909 1929 1156 2011 archiepiscopo,

422 2032 549 2093 Alanus
560 2032 655 2111 prior·
671 2030 765 2093 Cant.
780 2033 855 2094 eccl.
871 2033 1021 2094 salutem.

290 2213 400 2274 INTER
415 2233 469 2274 eos
484 2232 565 2294 quos
580 2209 685 2273 adhuc
702 2212 887 2293 superstites
909 2211 993 2273 filios
1007 2213 1156 2275 enutrivit
1171 2224 1203 2276 et

248 2313 410 2391 exaltavit,
426 2312 677 2393 Lugdunensem
700 2311 976 2395 archiepiscopum
1000 2314 1200 2395 praecipuum

246 2416 345 2478 habet
374 2427 407 2478 et
436 2424 561 2499 reputat
590 2426 690 2477 mater
714 2414 952 2478 Britanniamm
982 2427 1093 2480 sancta
1117 2416 1201 2480 Can·

248 2517 416 2580 tuariensis
430 2517 577 2580 ecclesia.
623 2517 662 2578 Iu
679 2515 745 2577 suis
765 2515 895 2599 quidem
915 2517 1070 2598 angustiis
1085 2528 1117 2582 et
1131 2540 1202 2601 per-

248 2619 494 2697 turbationibus
525 2618 643 2701 quibus
673 2618 825 2681 continue
855 2619 955 2700 affligi
991 2621 1203 2703 compellitur,

248 2720 345 2806 hujus
370 2719 428 2782 filii
448 2721 542 2784 toties
563 2733 700 2802 experta
722 2719 830 2795 fidem,
854 2720 1053 2784 devotionem
1080 2733 1112 2785 et
1135 2723 1203 2785 effi-

250 2845 361 2888 cacem
383 2823 584 2900 industriam,
604 2822 644 2885 de
667 2833 783 2885 caetero
805 2823 904 2885 habet
925 2823 1086 2886 certiorari
1107 2825 1203 2887 talem

249 2935 281 2988 et
302 2934 426 2987 tantum
449 2924 552 2987 filium
576 2924 794 2987 immemorem
816 2943 886 2984 esse
909 2944 973 2984 non
1001 2943 1097 3005 posse
1119 2924 1205 2987 illius

250 3026 433 3091 dulcedinis
456 3048 553 3110 quam
576 3049 596 3090 a
621 3025 772 3089 maternis
795 3024 913 3087 diutius
934 3025 1021 3088 suxit
1043 3027 1205 3107 uberibus

250 3129 333 3192 inter
355 3150 426 3213 quae
449 3128 545 3192 etiam
561 3150 581 3192 a
595 3129 688 3192 cunis
711 3127 840 3191 coaluit.
886 3127 980 3189 Absit
998 3127 1104 3209 igitur,
1120 3131 1205 3194 absit

252 3229 351 3294 afide
372 3239 404 3293 et
424 3229 595 3294 devotione
611 3230 691 3293 tanti
714 3230 847 3306 alumni,
862 3229 918 3313 qui
938 3250 972 3292 se
993 3230 1087 3294 toties
1110 3233 1204 3295 certis

251 3332 372 3418 objecit
393 3332 545 3416 periculis
571 3354 628 3417 pro
654 3333 837 3396 defensione
863 3332 973 3395 matris
997 3354 1074 3413 suae,
1097 3344 1132 3398 ut
1156 3337 1206 3398 vel

253 3435 431 3518 suspicetur
445 3434 485 3499 de
501 3457 540 3498 eo
560 3436 647 3520 quod
663 3435 739 3498 velit
760 3447 884 3518 partem
905 3456 1026 3517 ponere
1049 3456 1122 3500 cum
1145 3437 1207 3514 his,

254 3538 310 3621 qui
331 3538 404 3621 ipsa
426 3559 446 3601 a
470 3539 588 3622 quibus
611 3538 729 3620 egressi
756 3550 831 3600 sunt
856 3548 998 3601 matema
1021 3539 1209 3621 perturbant

254 3640 387 3717 viscera,
402 3641 568 3723 praecipua
590 3641 646 3703 ubi
668 3639 701 3703 id
723 3639 910 3723 permodica
932 3638 1044 3702 suadet
1066 3641 1206 3719 occasio,

255 3741 344 3825 quod
360 3741 419 3803 etsi
436 3763 565 3825 quoquo
580 3742 677 3805 modo
688 3741 814 3805 licuerit
825 3741 928 3802 miuus
943 3749 1050 3803 tamen
1065 3741 1208 3825 expedit,

256 3841 387 3906 omnino
410 3851 516 3906 autem
538 3864 602 3906 nou
630 3843 733 3906 decet.
778 3841 931 3913 Quamvis
957 3840 1040 3903 enim
1067 3842 1094 3904 is
1120 3843 1207 3924 apud

257 3964 355 4027 quem
377 3963 502 4005 summa
516 3964 618 4007 rerum
634 3942 790 4019 consistit,
809 3942 902 4025 quasi
921 3942 1008 4005 licite
1023 3943 1211 4007 auetoritaet

259 4065 322 4128 qua
336 4044 506 4126 praeminet
521 4047 580 4108 sub
602 4045 694 4109 titulo
717 4044 822 4108 adhue
844 4045 952 4124 ignoto
968 4053 999 4107 et
1015 4065 1034 4107 a
1049 4065 1209 4108 canonum
