2864 4598
246 428 354 507 1164]
526 445 622 490 aner.
639 446 744 491 atauo
760 445 907 491 rswuss.
1153 433 1188 492 ll

240 591 381 673 perimus
391 590 465 653 odio
477 590 592 674 capitis
604 591 663 654 tui:
687 591 769 660 exiit
778 612 918 675 namque
929 591 1070 655 edictum
1080 613 1099 655 a
1108 611 1192 673 rege,

239 692 339 774 utqui
351 692 489 775 amplius
500 714 573 756 cum
583 694 806 758 Cautuariensi
818 705 922 769 staret,
932 693 1081 779 publicus
1091 694 1193 758 hostis

234 793 400 876 judicetur
425 793 588 878 incapite
613 795 823 879 puniendus?
867 796 999 860 Dictum
1022 805 1071 859 est
1095 795 1191 859 eliam

239 894 327 976 quod
341 895 361 956 J
363 894 507 958 ecelinus
519 895 768 959 Saresbcriensis
779 895 954 978 episcopus
965 906 998 958 et
1008 894 1193 958 Willelmus

240 996 458 1059 Norwicensis
476 996 658 1081 episcopus,
673 997 730 1079 qui
753 996 858 1061 adhuc
880 997 1073 1070 restiterunt,
1089 997 1192 1060 trahe-

239 1110 346 1161 rentur
368 1100 473 1163 statim
495 1099 535 1162 ad
557 1100 751 1183 supplicium
773 1098 808 1162 in
830 1099 982 1163 membris
1003 1099 1191 1164 mutilandi:

239 1201 295 1284 qui
318 1212 351 1264 et
370 1201 434 1286 ipsi
456 1223 514 1285 pro
536 1203 639 1265 salute
661 1223 719 1265 sua
739 1200 1004 1265 Cantuariensem
1026 1196 1191 1282 rogabant.

239 1302 422 1386 Inspiciens
436 1304 533 1385 igitur
549 1303 789 1367 cantuariensis
811 1302 845 1366 in
866 1303 1086 1367 Exonieusem
1107 1303 1192 1387 epis·

240 1425 367 1487 copum,
383 1405 503 1486 “Fuge
518 1404 614 1468 hinc'’
629 1401 673 1468 ait
687 1404 707 1436 “
718 1403 795 1487 quia
809 1423 877 1466 non
893 1403 979 1486 sapis
995 1424 1033 1467 ea
1045 1425 1116 1488 quae
1128 1403 1192 1467 Dei

239 1506 341 1568 sunt.'’
363 1505 524 1567 Exiemnt
539 1503 678 1588 denique
690 1525 710 1566 a
721 1504 858 1567 consilio
872 1505 956 1586 regis
971 1525 1082 1568 omnes
1097 1504 1192 1569 simul

187 1619 192 1629 ’
239 1606 386 1690 episcopi
408 1628 482 1670 cum
503 1607 642 1670 tumultu
664 1605 706 1669 ad
729 1605 1003 1669 Cantuariensem.
1048 1607 1192 1679 Quorum

237 1728 322 1770 unus
342 1709 506 1792 eloquens,
523 1707 667 1769 Hilarius
688 1706 900 1769 Cicestrensis
922 1706 1104 1791 episcopus,
1119 1729 1192 1791 pro-

238 1831 389 1893 rumpens
400 1811 435 1872 in
446 1831 558 1885 uocem
574 1809 631 1872 ait:
655 1807 858 1881 “Quondam
869 1817 978 1873 noster
991 1809 1079 1873 fuisti
1091 1809 1192 1873 archi-

238 1912 423 1994 episcopus,
444 1923 476 1975 et
498 1912 685 1976 tenebamur
706 1911 767 1974 tibi
788 1911 937 1975 obedire:
962 1910 1019 1975 sed
1039 1911 1116 1995 quia
1135 1911 1192 1979 do·
1232 1924 1255 1940 '·

238 2013 326 2075 mino
347 2013 412 2096 regi
429 2013 544 2098 jurasti
563 2012 761 2090 fidelitatem,
775 1999 839 2077 hoc
855 2021 904 2077 est
918 2012 1025 2092 vitam,
1040 2016 1192 2094 membra,

238 2127 394 2180 terrenam
416 2115 603 2198 dignitatem
625 2115 687 2178 sibi
709 2135 765 2198 per
787 2125 818 2178 te
841 2117 961 2179 salvam
975 2115 1052 2193 fore,
1067 2127 1099 2180 ct
1113 2137 1191 2180 con-

238 2216 434 2297 suetudines,
450 2238 530 2302 quas
552 2218 622 2301 ipse
643 2217 759 2300 repetit
781 2217 971 2294 conservari,
986 2229 1018 2280 et
1032 2226 1067 2281 tu
1082 2217 1192 2282 niteris

238 2341 292 2383 eas
313 2319 487 2398 destruere,
501 2319 664 2403 praecipue
685 2339 785 2401 quum
806 2326 953 2400 spectent
974 2317 1016 2381 ad
1036 2328 1190 2383 terrenam

239 2421 308 2506 ejus
323 2420 512 2503 dignitatem
528 2428 561 2483 et
574 2420 740 2494 honorem,
755 2418 879 2482 idcirco
899 2429 931 2482 te
951 2440 1041 2482 reum
1061 2419 1192 2504 perjurii

239 2523 388 2602 dicimus,
414 2534 446 2587 ct
474 2523 601 2608 perjuro
631 2522 878 2605 archiepiscopo
909 2520 950 2586 de
980 2532 1094 2587 caetero
1124 2543 1191 2585 uon

236 2626 393 2690 habemus
414 2647 546 2691 necesse
568 2625 707 2689 obedire.
752 2626 822 2687 Nos
837 2626 946 2709 itaque
961 2635 993 2689 et
1007 2635 1116 2689 nostra
1129 2626 1190 2689 sub

238 2726 360 2790 domini
383 2749 477 2812 papae
500 2727 699 2810 protectione
722 2736 892 2809 ponentes,
906 2735 938 2790 te
958 2726 999 2789 ad
1019 2726 1089 2812 ejus
1109 2747 1190 2809 prae·

238 2829 375 2892 sentiam
390 2830 590 2911 appellamus
605 2849 700 2911 super
714 2828 765 2889 his
778 2848 1004 2910 responsurum
1015 2827 1042 2890 :'’
1058 2836 1090 2892 et
1105 2827 1190 2890 diem

238 2930 357 2994 statuit.
380 2930 400 2962 “
411 2928 531 2991 Audio”
547 2928 652 3011 inquit
666 2927 938 3011 archiepiscopus.
961 2927 1191 2991 subtrahentes

238 3053 273 3096 se
303 3030 446 3113 episcopi
477 3029 608 3092 seorsim
634 3028 744 3092 sedere
773 3050 816 3092 ex
845 3027 990 3103 adverse,
1014 3026 1133 3092 diutius
1157 3029 1191 3092 in

238 3153 364 3198 summo
380 3131 516 3195 silentia.
540 3130 686 3194 Tandem
699 3152 717 3194 a
728 3153 803 3213 rege
815 3140 1038 3215 processerunt
1049 3131 1190 3209 comites,

236 3238 384 3313 barones,
395 3243 427 3299 et
441 3234 577 3319 plurima
592 3235 685 3297 turba
700 3233 741 3296 ad
756 3233 1045 3318 archiepiscopum,
1056 3254 1190 3316 quorum

237 3340 359 3422 primus
371 3338 531 3400 Robertus
546 3357 653 3399 comcs
670 3335 850 3399 Leicestriae
865 3335 924 3397 ait:
949 3333 1117 3398 “Mandat
1131 3334 1190 3400 tibi

235 3462 305 3518 rex,
315 3451 353 3504 ut
366 3440 477 3503 venias
492 3436 671 3501 redditurus
686 3437 824 3500 rationes
839 3455 935 3519 super
949 3433 1096 3517 objectis,
1107 3436 1192 3500 sicut

237 3541 306 3603 heri
327 3539 500 3624 promisisti
519 3554 551 3602 te
570 3538 745 3601 facturum:
770 3535 914 3618 alioquin
937 3533 1012 3597 andi
1029 3532 1190 3617 judicium

238 3642 357 3708 tuum.‘’
416 3643 436 3675 “
451 3639 617 3706 Judicium
630 3638 661 3702 ?'’
701 3638 807 3722 inquit
843 3634 1122 3719 archiepiscopus:
1157 3645 1190 3701 ct

237 3741 374 3806 surrexit
395 3741 526 3806 dicens:
549 3742 569 3773 “
586 3741 656 3802 lmo
679 3737 725 3800 fili
748 3757 867 3814 comes,
885 3746 917 3799 et
937 3746 973 3799 tu
994 3737 1082 3819 prius
1104 3737 1189 3801 audi.

239 3845 315 3906 Non
341 3853 372 3907 te
397 3847 486 3922 latet,
509 3842 567 3920 fili,
593 3862 689 3924 quam
715 3839 879 3904 familiaris
904 3849 938 3901 et
963 3859 1057 3921 quam
1083 3839 1190 3902 fidelis

239 3945 368 4008 domino
389 3947 456 4029 regi
476 3943 652 4010 secundum
675 3952 790 4006 statum
813 3940 909 4025 hujus
932 3939 1045 4003 mundi
1065 3939 1188 4003 fuerim.
