2864 4598
240 424 366 517 not]
521 457 616 503 ruer.
632 456 738 502 111110
754 456 900 502 11111111.
988 491 993 500 .
1167 445 1187 501 9

280 601 454 666 Multitudo
467 623 541 666 vero
553 602 705 683 militum‚'
711 614 743 668 01
754 604 888 668 aliorum
900 603 955 688 qui
967 624 1040 666 cum
1057 602 1190 667 domino

238 703 458 768 Cautuariensi
477 705 554 767 illuc
571 715 797 783 convenerant,
810 705 898 788 regio
920 715 1009 768 metu
1028 704 1193 788 perterrita

237 804 369 868 secessit
392 805 428 867 in
453 813 586 887 partem,
612 805 806 890 etamplius
834 827 910 869 cum
936 827 974 870 00
1000 826 1068 869 11011
1094 805 1191 868 stetit.

238 907 310 979 Quo
331 918 495 990 comperto
515 907 643 971 circuiri
664 929 758 991 sepes
773 919 804 971 et
819 907 917 986 vicos,
932 905 1019 970 etad
1035 927 1069 971 10
1084 908 1192 971 vocari

238 1030 406 1093 pauperes,
422 1010 568 1089 claudos,
582 1023 615 1073 et
630 1008 763 1087 debiles,
780 1008 891 1073 dicens
911 1029 969 1092 per
991 1010 1087 1072 talem
1109 1008 1190 1071 mili·

239 1109 314 1173 tiatn
330 1110 513 1173 celeriorem
537 1130 632 1193 posse
651 1109 817 1193 provenire
833 1109 1008 1187 victoriam,
1023 1129 1119 1193 quam
1135 1130 1192 1192 per

240 1232 295 1274 eos
310 1211 365 1295 qui
380 1221 524 1294 tempore
540 1211 727 1276 tentationis
743 1212 867 1296 turpius
880 1221 1090 1275 recesserunt.
1128 1213 1192 1274 Im-

239 1314 326 1395 pleta
340 1323 388 1376 est
401 1312 499 1394 igitur
514 1313 628 1377 domus
638 1313 708 1398 ejus
720 1312 1008 1392 discumbentibus,
1017 1322 1050 1378 et
1063 1322 1195 1396 peracta

240 1415 308 1480 dies
322 1417 379 1480 1110
390 1439 463 1482 eum
474 1417 586 1481 laetitia
597 1418 632 1481 in
645 1417 796 1496 Domino,
808 1417 897 1480 nulla
908 1417 1071 1480 mentione
1085 1417 1193 1499 palam

239 1519 349 1583 habita
363 1519 403 1582 de
418 1520 656 1603 perturbatione
671 1519 815 1602 pristina.

285 1615 315 1701 1.
327 1623 376 1682 11.
392 1620 547 1704 Sequenti
558 1640 632 1683 vero
645 1619 709 1697 die,
718 1640 844 1682 summo
856 1617 1012 1692 diluculo,
1023 1639 1195 1701 percussus

240 1730 290 1783 est
309 1720 459 1783 dominns
478 1729 587 1784 noster
605 1720 755 1802 passione
776 1719 890 1795 Iliaca,
905 1739 980 1781 nam
1003 1730 1035 1782 01
1056 1740 1095 1782 ea
1113 1719 1194 1782 mul-

241 1821 337 1884 toties
352 1822 538 1900 vexabatur,
553 1830 685 1884 eatenus
700 1818 787 1903 quod
803 1840 869 1881 non
885 1818 990 1900 potuit
1004 1841 1038 1883 se
1054 1818 1095 1883 de
1110 1820 1194 1883 lecto

240 1926 372 2007 erigere.
418 1924 516 1990 Unde
538 1923 675 2005 longiori
698 1943 786 1985 mora
807 1922 1005 2007 interposita,
1026 1935 1063 1988 ut
1085 1924 1194 1990 erede-

241 2036 326 2093 retur
351 2027 392 2090 ab
417 2026 536 2092 invidis
558 2026 599 2090 ad
623 2024 744 2089 curiam
765 2024 848 2106 regis
870 2025 955 2087 nolle
983 2025 1193 2090 descendere:

243 2129 331 2194 missi
346 2141 421 2194 sunt
436 2130 491 2213 qui
510 2150 583 2193 eum
600 2128 734 2192 citarent
748 2127 854 2190 acrius
869 2127 911 2191 ad
927 2129 1196 2211 respondendum.

242 2232 262 2264 “
278 2231 395 2309 Dum‚’'
419 2229 527 2315 inquit
552 2228 703 2294 dominus
729 2227 979 2306 cantuariensis,
1004 2230 1197 2314 “quieverit

243 2333 304 2396 11111
331 2334 449 2418 passio,
475 2332 613 2397 crastino
644 2329 708 2407 die,
732 2331 805 2393 Deo
836 2342 975 2409 auctore,
1005 2331 1199 2415 apparebo.”

243 2435 442 2500 Transeunte
465 2456 538 2499 vero
568 2434 619 2497 die
649 2433 704 2497 1110
735 2442 768 2497 01
796 2433 961 2496 nocturnis
983 2432 1102 2514 vigiliis
1124 2456 1197 2498 cum

245 2559 369 2602 summa
387 2537 557 2601 devotione
578 2536 709 2600 demum
730 2536 878 2619 peractis,
893 2556 986 2598 mane
1003 2557 1198 2619 consurgens

244 2641 463 2705 admissorum
475 2641 631 2717 solennia,
641 2639 740 2704 sacris
752 2660 811 2722 pro
823 2660 907 2703 more
917 2638 1047 2703 indutus
1057 2640 1200 2704 vestibus

244 2755 277 2809 et
298 2766 354 2829 per
374 2744 461 2808 beati
483 2744 629 2827 martyris
652 2741 810 2824 Stephani
832 2740 945 2803 merita
968 2740 1111 2804 divinum
1137 2740 1200 2804 sibi

244 2847 399 2910 invocans
420 2845 588 2920 auxilium,
608 2844 775 2906 introitum
797 2842 901 2904 missae
919 2841 1018 2924 jussit
1037 2842 1199 2906 inchoari:

167 2936 169 2938 ’
245 2947 387 3010 Ε10111111
404 2946 557 3009 sederunt
582 2945 759 3028 principes,
781 2951 841 3005 etc.
866 2952 1033 3025 totumque
1059 2943 1216 3006 officium*

236 3071 321 3113 cum
343 3047 440 3112 adid
462 3046 699 3133 pcrtinentibus
722 3044 898 3126 complevit
917 3041 1073 3123 devotius,
1091 3044 1201 3109 minis·

172 3214 177 3219 .
218 3153 220 3156 ’
246 3153 380 3217 tralibus
395 3151 489 3234 regis,
506 3149 562 3233 qui
581 3146 627 3213 ibi
647 3148 789 3224 aderant,
804 3146 840 3209 id
858 3146 955 3211 tacite
976 3145 1202 3213 consideranti-

203 3289 204 3294 *
246 3258 319 3335 bus,
333 3254 450 3339 quibus
466 3253 569 3316 visum
583 3262 633 3316 est
647 3273 714 3314 rem
728 3248 835 3335 ipsam
856 3248 979 3333 aliquid
1001 3251 1201 3334 portendere.

248 3361 282 3422 Is
297 3355 455 3442 siquidem
471 3376 573 3419 annus
589 3353 782 3418 centesimus
802 3361 868 3415 0101
888 3362 921 3414 01
940 3371 978 3415 ea
998 3350 1067 3416 dies
1086 3374 1201 3417 secun·

247 3459 324 3524 dum
339 3480 493 3523 annorum
506 3456 663 3521 curricula
674 3477 738 3538 qua
749 3454 929 3518 Normanni
941 3454 1091 3536 Angliam
1105 3456 1202 3520 intra·

247 3571 369 3626 verunt.
414 3560 557 3643 Expleto
572 3559 682 3641 itaque
703 3555 866 3639 mysterio,
882 3563 989 3618 amoto
1004 3556 1045 3618 ab
1061 3555 1202 3619 humeris

249 3663 349 3745 pallio
373 3683 446 3726 cum
472 3660 584 3738 infula,
610 3658 734 3722 caeteris
763 3655 896 3718 indutus
924 3655 1065 3720 vestibus
1094 3657 1203 3735 saeris,

250 3783 354 3846 cappa
364 3762 504 3827 clericali
517 3757 743 3844 superinjecta,
753 3754 912 3839 processit
923 3754 965 3818 ad
975 3756 1059 3838 regis
1071 3758 1201 3821 curiam.

252 3866 430 3927 Intraturus
445 3882 602 3927 cameram
615 3861 711 3943 regis,
726 3858 771 3922 ibi
787 3858 871 3922 enim
889 3877 948 3920 rex
962 3859 1204 3940 prestolabatur

252 3963 294 4027 ad
314 3963 431 4027 ostium
451 3965 567 4047 ipsum,
587 3982 715 4025 crucem
736 3959 859 4044 bajulat
879 3957 1010 4039 propria
1029 3977 1136 4031 manu,
1155 3977 1203 4019 se-

253 4067 423 4151 quentibus
438 4066 598 4149 episcopis
615 4076 646 4126 01
661 4064 695 4126 id
711 4064 801 4126 aliter
816 4080 913 4144 quam
930 4058 1038 4123 decuit
1052 4059 1205 4139 interpre-
