2864 4598
243 426 437 507 llud-70]
524 443 618 489 auor.
635 445 742 489 utino
758 444 902 490 rrwres.
1151 431 1190 491 al

239 601 276 652 ut
291 589 416 667 dicitur,
430 591 494 671 legi
518 589 635 653 divinae
650 610 820 670 congruas,
835 603 942 655 tamen
959 602 994 654 nt
1016 592 1060 655 ad
1075 592 1194 672 regiam

240 692 428 772 dignitatem
460 703 644 773 spectantes
666 714 732 755 non
756 694 891 756 sustinet
915 693 1072 776 abrogari,
1094 695 1195 756 multo

239 795 344 856 minus
360 794 437 855 mihi
452 794 531 856 licet
545 792 602 876 jus
622 794 709 856 illius
727 788 882 856 libertatis
898 795 1090 871 subvertere,
1107 793 1195 878 quod

243 917 317 959 cum
340 915 459 958 corona
480 895 571 975 regni
593 895 674 956 mibi
702 893 774 977 jure
797 896 951 978 competit
979 894 1193 959 haereditario.

242 997 418 1062 Consucvit
438 995 596 1079 siquidem
619 997 756 1059 Francia
773 997 813 1058 ab
836 997 977 1080 antiquis
999 998 1196 1080 temporibus

241 1120 351 1161 omnes
380 1099 511 1161 miseros
533 1109 565 1161 et
594 1098 743 1176 afflictos,
764 1109 796 1173 et
817 1099 957 1162 maxime
986 1120 1044 1183 pro
1068 1100 1195 1184 justitia

241 1202 419 1278 exulantes,
430 1202 582 1285 recipere,
593 1213 625 1264 et
641 1201 744 1265 donec
760 1224 873 1286 pacem
888 1202 1067 1280 habuerint,
1078 1204 1195 1281 fovere,

240 1303 331 1381 tueri,
357 1313 388 1366 et
419 1302 600 1367 defendere.
645 1303 747 1386 Cujus
772 1305 904 1368 honoris
932 1317 964 1369 et
993 1308 1194 1370 excellentia

240 1406 362 1486 gratia,
376 1406 448 1468 Deo
463 1406 614 1488 propiti0‚
630 1427 681 1468 me
697 1407 824 1470 vivente
845 1407 885 1470 ad
906 1410 1026 1471 nullius
1048 1429 1194 1492 personae

242 1508 479 1590 suggestionem
494 1509 528 1570 in
545 1508 786 1571 cantuariensis
802 1509 901 1571 exilio
918 1508 1152 1589 derogabitur.”

285 1605 315 1691 ᾗ.
342 1614 394 1673 36.
428 1611 513 1672 Haec
540 1610 648 1693 itaque
678 1610 799 1674 idcirco
823 1610 875 1672 hic
907 1612 1127 1693 exposuimus,
1153 1634 1194 1676 ne

245 1712 340 1774 series
370 1711 576 1794 epistolarum
608 1713 899 1796 interrumperetur,
929 1733 1028 1795 quum
1066 1724 1194 1776 ventum

240 1816 333 1880 suerit
348 1816 389 1879 ad
404 1838 477 1879 eum
494 1818 603 1881 locum
627 1817 682 1880 ubi
705 1818 852 1899 epistolae
873 1816 959 1880 idem
981 1826 1115 1899 tangunt
1137 1819 1195 1881 scd

240 1917 416 1981 obscurius.
462 1919 538 1982 Hoc
567 1930 617 1981 est
646 1917 678 1978 in
703 1927 815 2001 quarta
838 1928 939 2001 parte,
961 1918 1018 1981 ubi
1043 1919 1128 2001 prior
1154 1919 1194 1983 de

242 2031 349 2083 monte
378 2021 442 2083 Dei
472 2029 505 2083 et
527 2020 711 2084 Bernardus
741 2021 781 2084 de
809 2021 917 2084 Corilo
948 2019 1069 2083 domini
1099 2042 1192 2105 papae

240 2121 384 2185 mandati
412 2122 540 2185 suerunt
569 2133 784 2205 exequutores
815 2122 983 2205 designati.
1043 2123 1193 2206 Reliquae

242 2245 316 2286 vero
332 2246 443 2287 omnes
464 2225 607 2308 epistolae
630 2225 740 2289 ordine
761 2246 819 2288 suo
839 2236 872 2288 et
891 2227 965 2289 loco
985 2247 1050 2289 rem
1073 2214 1192 2307 gestam

241 2325 381 2388 lucidius
402 2326 579 2403 declarant,
593 2335 629 2388 ut
651 2325 692 2388 ad
714 2325 851 2407 legentis
872 2325 1115 2407 intelligentiam
1137 2347 1193 2408 per

241 2448 274 2489 se
306 2428 382 2489 satis
413 2427 583 2490 sufficiant.
639 2427 878 2491 Praemittuntnr
906 2440 1014 2490 tamen
1045 2426 1192 2510 quaedam

242 2528 398 2610 epistolae,
420 2548 553 2611 quarum
580 2528 726 2604 obtentu,
749 2527 826 2590 dum
855 2529 1019 2592 contentio
1049 2539 1194 2610 ageretur

241 2629 322 2691 inter
343 2649 449 2710 regem
472 2637 505 2691 et
528 2630 657 2692 beatum
680 2630 839 2693 Thomam
859 2640 891 2694 et
913 2628 1192 2715 archiepiscopum

241 2730 491 2804 Eboraoensem,
513 2731 642 2809 cognito
667 2740 700 2794 et
722 2743 893 2814 perspecto
919 2732 1005 2815 quod
1028 2731 1193 2795 Cantuari-

241 2833 325 2895 ensis
348 2832 539 2916 prosperitas
559 2833 600 2894 de
616 2832 701 2894 sacili
720 2832 806 2895 vinci
825 2853 890 2893 non
914 2832 1037 2912 potuit:
1071 2831 1194 2894 studuit

240 2933 458 2996 Eboraoensis
483 2932 745 3016 archiepiscopus
770 2931 856 3011 regis
878 2930 1021 2992 animum
1044 2930 1193 2993 adversus

242 3035 505 3101 cantuariensem
521 3055 721 3117 exasperare.
768 3032 864 3095 Unde
881 3041 913 3093 et
932 3030 1024 3093 avitis
1039 3031 1102 3093 illis
1116 3052 1192 3094 con-

241 3137 466 3201 suetudinibus
477 3135 704 3200 conservandis
712 3135 839 3198 facilius
851 3133 958 3211 cessit,
968 3144 1003 3194 ut
1013 3132 1060 3195 sic
1072 3133 1192 3214 regiam

241 3240 374 3320 gratiam
390 3238 451 3302 sibi
467 3238 651 3301 conciliaret
665 3237 699 3300 in
712 3236 950 3299 Cantuariensis
962 3235 1191 3300 confusionem.

242 3339 388 3403 Adscivit
417 3339 513 3402 etiam
536 3338 597 3401 sibi
620 3338 652 3400 in
676 3338 799 3402 socium
823 3338 1005 3401 Gilbertum
1028 3336 1191 3402 Londoni·

241 3464 350 3505 ensem
366 3442 566 3524 episcopum,
582 3440 639 3524 qui
657 3451 689 3502 et
709 3441 780 3523 ipse
802 3439 924 3502 diutius
939 3439 1132 3522 aspiraverat
1151 3439 1193 3504 ad

175 3567 177 3571 ’
241 3543 550 3625 archiepiscopatum
562 3540 833 3603 Cantuariensem.
872 3541 1032 3614 Quocirca
1042 3541 1119 3604 dum
1134 3564 1191 3605 ex-

242 3645 369 3728 quisitis
385 3643 467 3706 dolis
483 3654 515 3706 ct
533 3641 660 3704 insidiis
680 3642 793 3704 frustra
812 3651 947 3704 conatus
962 3652 1009 3704 est
1024 3640 1192 3706 Cantuari·

242 3768 351 3810 ensem
382 3745 531 3829 dejicere,
555 3744 669 3825 sategit
698 3743 900 3827 propensius,
925 3743 982 3806 sed
1008 3755 1141 3821 versute,
1164 3745 1191 3807 si

242 3868 307 3930 quo
327 3845 425 3908 modo
445 3853 588 3927 posseta
604 3844 826 3907 Cantuariensi
851 3844 989 3907 ccclesia
1003 3842 1192 3907 Londonias

238 3948 375 4031 pallium
404 3947 578 4010 transferre.
616 3945 675 4008 Isti
698 3967 773 4026 orgo
798 3945 862 4008 duo
886 3954 1070 4009 caeterornm
1093 3944 1190 4024 sigui·

242 4049 346 4112 feriet
364 4047 463 4110 totius
483 4046 732 4129 perturbationis
750 4047 932 4110 incentores
953 4046 1004 4108 his
1019 4044 1058 4107 de
1077 4045 1192 4122 causis,
