2864 4598
359 408 400 465 56
689 418 788 464 stiur
804 419 984 465 ammons.

357 567 486 650 pondus
515 565 681 649 suscipiat.
727 566 836 650 Hujus
865 565 1025 649 siquidem
1048 565 1250 650 prudentiam
1280 575 1312 628 et

358 668 545 732 fidelitatem
570 679 602 731 et
626 669 661 731 in
682 668 854 731 confratres
878 688 954 731 suos
974 667 1230 750 compassionem
1255 669 1312 729 ali-

357 782 515 856 quatenus
529 771 654 854 experti
668 770 799 848 scimus,
810 770 850 833 de
863 769 955 855 cujus
970 769 1193 834 benevolentia
1205 769 1311 854 quoad

357 872 499 935 officium
515 870 596 934 illud
611 891 677 933 non
692 870 854 933 modicum
870 890 1044 952 speramus.
1089 870 1136 932 Et
1149 871 1228 932 licet
1242 869 1312 955 ejus

357 976 512 1060 obsequio
527 976 595 1038 sine
611 973 756 1037 molestia
766 971 807 1036 ad
819 994 1038 1056 praesensnon
1046 974 1177 1058 possitis
1193 995 1311 1046 carere,

356 1076 580 1159 experimento
605 1083 712 1137 tamen
737 1072 910 1136 didicimus
940 1083 1075 1137 vestram
1106 1073 1311 1156 prudentiam

355 1179 430 1260 plus
445 1177 524 1240 velle
549 1176 688 1260 publicae
709 1193 806 1258 quam
827 1175 959 1258 privatae
981 1176 1148 1239 consulere
1170 1175 1309 1238 utilitati.

357 1278 516 1351 Quocirca
549 1297 622 1339 eum
652 1276 869 1339 confidentius
902 1277 1110 1360 reposcimus,
1139 1275 1174 1339 id
1204 1288 1310 1339 tamen

357 1378 545 1464 adjicientes
571 1389 607 1440 ut
632 1377 659 1440 si
681 1377 715 1439 in
741 1377 803 1440 hac
830 1387 918 1461 parte
944 1379 1146 1463 aliquatenus
1175 1379 1309 1441 moleste

357 1481 508 1545 fuerimus
533 1479 574 1542 de
598 1500 637 1543 eo
664 1479 885 1542 substituendo
912 1481 966 1565 qui
990 1481 1066 1544 huic
1093 1479 1210 1543 debeat
1238 1501 1307 1544 snc-

357 1582 481 1657 cedere,
511 1581 667 1646 voluntati
704 1591 818 1645 vestrae
851 1582 936 1646 sicut
963 1582 1133 1666 placuerit,
1162 1583 1207 1647 ita
1243 1581 1309 1644 fiet.

357 1687 565 1750 Praesentium
587 1685 685 1766 igitur
705 1687 836 1749 latorem
860 1685 1014 1749 dilectum
1038 1686 1072 1747 in
1096 1685 1225 1749 Christo
1250 1685 1311 1748 fra·

356 1802 437 1852 trem
452 1798 596 1851 nostrum
613 1789 653 1849 R.
669 1788 955 1869 eleemosynarium
971 1787 1004 1850 in
1019 1786 1053 1850 id
1069 1788 1191 1870 negotii
1213 1786 1309 1850 duxi-

357 1909 429 1951 mus
456 1886 693 1964 destinandnm,
715 1896 751 1950 ut
776 1888 845 1970 ejus
869 1886 1041 1970 praesentia
1064 1888 1124 1949 sub
1147 1887 1309 1950 literarum

358 2000 535 2053 nostrarum
550 1986 734 2050 testimonio
754 1986 840 2071 apud
855 2008 913 2051 vos
932 1989 1089 2072 impetret,
1106 1988 1192 2072 quod
1207 1997 1311 2051 vestra

356 2090 492 2154 intentio
515 2089 724 2152 communiter
746 2091 907 2172 postulare
931 2089 973 2152 ad
997 2111 1202 2154 communem
1227 2090 1309 2152 utili-

357 2202 453 2256 tatem
469 2190 662 2274 propensius
677 2189 807 2253 studuit.
853 2191 975 2253 Valete.

404 2569 599 2652 [Hucusque
610 2569 687 2632 dedi
701 2571 810 2631 omniu
825 2570 872 2632 ud
881 2569 1025 2634 Aluuum
1036 2575 1222 2652 spectantia
1237 2595 1307 2658 quc
1331 2581 1333 2585 ’
1389 2601 1394 2605 ·

356 2677 392 2737 iu
407 2673 513 2735 codice
531 2671 639 2735 ΜΟ.
660 2670 798 2735 Ouutcb.
814 2672 1041 2753 inueniuntur,
1056 2675 1229 2738 octodecim
1248 2697 1309 2758 pc-

354 2778 442 2859 piuis
455 2777 691 2856 comprehensu.
745 2774 860 2838 Utrum
872 2777 973 2856 plura
988 2777 1065 2839 olim
1075 2776 1211 2858 flieriut
1219 2779 1308 2858 folia

357 2882 394 2942 iu
420 2882 480 2942 isto
506 2879 614 2941 codice
632 2877 750 2962 quibus
774 2878 851 2939 ulica
871 2879 1012 2957 epistole
1038 2879 1143 2942 Aluui
1164 2881 1307 2943 coutine-

356 2990 482 3059 reutur,
493 2978 625 3064 difficile
636 2987 684 3044 est
694 2980 797 3042 dictu.
822 2977 865 3041 lu
878 2982 1310 3062 transcriptouerodumesii

357 3083 495 3146 liabetur
515 3084 650 3163 epistola
668 3101 810 3164 sequeus,
827 3081 961 3143 aliunde
975 3081 1092 3163 forsan
1114 3084 1305 3163 desumpta,-

357 3204 433 3246 ncm
449 3203 522 3245 cum
539 3183 642 3245 Aicuo
658 3183 744 3244 uiliil
758 3201 925 3244 commune
939 3181 1055 3246 habere
1069 3182 1225 3262 eidemin]
