2864 4598
247 413 289 472 ta
676 423 776 470 rtsnr

245 573 423 648 affluenter,
440 571 536 634 finem
553 571 723 655 cupiditati
737 592 804 634 non
823 569 1029 653 imponimus,
1043 589 1100 652 pro
1116 580 1204 644 certo

245 672 421 738 timendum
458 685 507 737 est
535 695 577 736 ne
606 673 712 756 culpis
741 671 949 752 exigentibus
980 671 1202 754 permittamur

244 787 376 839 eatenus
405 777 581 860 pervagari,
606 775 710 838 donec
737 775 881 838 dicatur:
905 775 997 838 Ecce
1023 773 1121 836 homo
1145 774 1203 856 qui

243 899 310 940 non
336 879 445 963 posuit
469 880 576 941 Deum
600 877 779 962 adjutorem
803 897 907 954 suum,
928 876 986 939 sed
1007 877 1147 958 speravit
1166 877 1202 938 in

245 981 447 1045 multitudine
469 981 651 1046 divitiarum
668 1001 807 1057 suarum,
823 990 855 1041 et
874 978 1043 1062 praevaluit
1063 978 1098 1040 iu
1113 978 1202 1042 vani·

243 1098 308 1147 tate
330 1106 398 1159 sua,
420 1084 476 1168 qui
500 1105 600 1167 quum
621 1083 655 1145 iu
677 1083 799 1145 honore
821 1092 906 1144 esset
929 1101 995 1143 non
1018 1081 1197 1144 intellexit:

242 1185 363 1250 idcirco
384 1198 585 1269 comparatus
606 1196 656 1248 est
671 1183 829 1269 jumentis
854 1183 1083 1266 insipientibus
1103 1195 1137 1246 et
1157 1183 1201 1246 si·

243 1287 328 1348 milis
349 1287 450 1349 factus
472 1297 522 1349 est
542 1286 615 1348 illis.
662 1287 829 1348 Memento
852 1284 986 1366 insuper
1000 1283 1080 1367 quia
1099 1303 1198 1366 quum

243 1387 410 1462 interieris,
425 1408 490 1450 non
514 1408 620 1450 sumes
639 1387 758 1464 omnia,
773 1405 880 1468 neque
901 1384 1077 1449 descendet
1092 1396 1198 1450 tecum

243 1490 346 1573 gloria
360 1501 423 1553 tua.
460 1491 535 1553 Vita
549 1502 657 1553 nostra
670 1489 776 1552 brevis
791 1500 840 1550 est
855 1499 887 1551 et
900 1486 942 1551 ad
956 1487 1058 1552 instar
1071 1489 1197 1571 puncti.

244 1591 340 1657 Unde
356 1591 443 1676 quod
456 1593 614 1675 reliquum
629 1602 679 1655 est
698 1591 726 1654 si
745 1589 988 1674 perdiderimus,
1004 1590 1091 1673 quod
1107 1592 1199 1655 Deus

241 1707 372 1772 avertat,
387 1696 461 1779 quis
482 1696 576 1758 nobis
597 1696 631 1757 in
656 1694 708 1756 die
729 1692 786 1756 illa
808 1705 840 1755 et
865 1693 968 1756 aetatis
991 1702 1024 1757 et
1045 1695 1198 1777 temporis

242 1797 359 1860 damna
378 1795 542 1860 restituet?
587 1796 639 1858 Ad
659 1795 729 1859 haec
753 1797 779 1858 si
796 1795 919 1858 veritati
935 1795 1030 1858 etiam
1046 1796 1198 1859 niteretur

243 1900 373 1982 querela
396 1920 491 1982 quam
516 1897 680 1982 proponis,
707 1909 738 1960 et
760 1908 904 1960 recenter
925 1917 1038 1981 posses
1061 1898 1196 1979 probare

242 2001 301 2064 tibi
322 2001 356 2062 in
378 2000 439 2063 hac
462 2009 550 2083 parte
571 1999 717 2061 debitum
734 1999 791 2082 jus
814 2009 1008 2080 competere,
1023 1998 1119 2061 citius
1139 2000 1195 2062 eli·

241 2124 343 2186 geres,
367 2123 418 2164 me
442 2101 502 2164 tibi
523 2100 660 2163 fideliter
685 2103 883 2179 consulente,
906 2099 1092 2183 hujusmodi
1118 2121 1195 2182 que-

241 2205 315 2266 relae
328 2202 370 2266 ad
385 2214 510 2286 tempus
526 2202 742 2287 supersedere,
758 2223 857 2287 quam
870 2213 918 2266 tot
932 2217 1061 2267 sanctos
1076 2203 1195 2286 quibus

241 2304 413 2369 adstrictus
441 2327 476 2368 es
505 2305 571 2368 fide
601 2317 633 2367 et
663 2303 833 2368 devotione
864 2306 1042 2368 molestare.
1096 2305 1194 2368 Nunc

133 2431 135 2435 ·
241 2420 347 2471 autem
362 2407 532 2471 occasione
551 2417 675 2469 tantum
699 2409 809 2471 rotulae
825 2407 1001 2471 Wintoniae
1015 2407 1194 2489 possessio·
1269 2455 1272 2459 >

240 2529 313 2570 nem
329 2518 469 2569 nostram
483 2505 646 2587 antiquam
662 2506 704 2568 ad
719 2517 750 2570 te
762 2507 873 2570 niteris
887 2526 1055 2570 revocare:
1078 2505 1111 2568 iu
1129 2526 1194 2588 quo

241 2605 464 2688 proculdubio,
488 2613 643 2687 quantum
669 2605 757 2668 inte
783 2616 843 2684 est,
863 2614 982 2670 statum
1006 2606 1193 2688 Anglicauae

239 2707 385 2771 ecclesiae
410 2705 551 2790 exempli
566 2706 709 2788 pernicie
724 2709 857 2770 omnino
880 2707 1051 2786 subvertis,
1065 2707 1143 2790 quia
1165 2707 1194 2770 si

240 2808 348 2871 omnia
357 2807 432 2893 jura
444 2806 530 2869 illius
545 2807 746 2890 antiquitatis
755 2807 853 2892 juxta
867 2809 1002 2871 rotulam
1025 2809 1113 2871 illam
1137 2807 1193 2870 de·

238 2915 337 2976 beaut
366 2911 407 2974 ad
435 2911 605 2993 pristinum
642 2921 759 2973 statum
788 2911 941 2988 revocari,
970 2932 1103 2974 necesse
1133 2910 1195 2974 erit

238 3016 446 3092 munimenta,
468 3013 634 3096 privilegia
660 3012 757 3076 totius
781 3013 969 3093 Anglicanae
996 3012 1142 3076 ecclesiae
1172 3034 1192 3076 a

239 3140 296 3180 sna
311 3117 481 3180 stabilitate
497 3116 624 3180 turbari.
670 3114 754 3178 Sane
778 3115 806 3176 si
826 3135 886 3177 nec
907 3115 1076 3177 devotione
1098 3136 1193 3177 sanc-

239 3232 341 3282 torum
358 3239 417 3279 nec
434 3215 605 3278 dilectione
617 3231 794 3280 conventus
809 3217 909 3280 nostri
920 3217 1067 3291 moveris,
1080 3217 1193 3279 saltem

237 3320 273 3382 id
294 3319 353 3380 tibi
375 3317 408 3378 in
430 3327 571 3378 mentem
593 3319 715 3396 subeat,
731 3339 771 3380 ne
787 3319 957 3382 occasione
972 3316 1192 3380 familiaritatis

238 3433 300 3485 tuae
329 3428 498 3501 suspectus
527 3418 657 3497 habear,
682 3421 773 3503 qnasi
803 3419 844 3482 de
871 3441 1032 3483 consensu
1058 3439 1131 3480 meo
1157 3417 1192 3480 id

236 3545 313 3605 agas
335 3519 420 3605 quod
443 3518 579 3601 coepisti.
632 3519 672 3583 Id
693 3534 798 3583 antem
819 3522 881 3584 tibi
900 3531 1021 3585 certum
1041 3520 1092 3598 sit,
1115 3520 1191 3603 quia

237 3627 313 3689 dum
328 3623 431 3687 vitalis
451 3623 579 3706 spiritus
601 3623 635 3686 in
657 3645 728 3686 meo
750 3623 909 3687 duraverit
929 3644 1073 3706 corpore,
1089 3644 1190 3705 quan·

237 3742 304 3792 tum
326 3728 361 3789 in
384 3748 434 3788 me
457 3726 525 3802 erit,
547 3737 647 3788 mater
668 3747 740 3788 mea
761 3746 826 3786 non
850 3726 972 3788 amittet
987 3726 1037 3787 vel
1057 3745 1187 3808 passum

235 3831 328 3916 pedis
350 3828 390 3892 de
407 3828 555 3890 omnibus
577 3828 627 3891 his
648 3827 904 3911 possessionibus
919 3848 1000 3910 quas
1020 3826 1127 3889 inveni
1149 3847 1188 3890 eo

235 3946 377 4017 tempore
388 3929 578 4014 quocredita
589 3942 637 3993 est
648 3930 737 4006 mihi,
747 3950 841 4012 quam
853 3950 939 4009 gero,
947 3927 1187 4003 administratio,

234 4034 372 4096 maxime
388 4030 443 4093 nbi
459 4030 528 4112 ipsa
543 4051 577 4093 se
593 4039 698 4112 potest
714 4029 754 4092 dc
771 4027 844 4110 jure
861 4029 941 4092 tueri
958 4038 989 4091 et
1006 4028 1185 4092 defendere.
