2864 4598
601 1026 635 1116 Α
654 1021 739 1114 LA
756 1034 800 1116 N
815 1033 837 1116 I

392 1256 601 1336 Pruorus
628 1263 1048 1341 caurummusrs

292 1495 464 1560 POSTEA
486 1492 681 1563 ABBATIS
703 1501 1147 1568 TEWKESBERIENSIS

604 1672 843 1771 EPISTOLAEJ

662 1932 767 1945 h———n

580 2105 803 2170 EPISTOLA
827 2108 855 2169 1.

410 2287 456 2331 uu
473 2287 662 2332 ammarum
678 2287 795 2333 aueum
813 2289 978 2334 rmumu.

239 2426 396 2516 Philippo
419 2434 486 2496 Dei
506 2436 618 2515 qratia
644 2435 769 2497 illustri
795 2436 998 2499 Francorum
1024 2438 1095 2518 νομί
1119 2458 1192 2500 cam

281 2538 387 2598 utatis
415 2539 613 2600 incremento
642 2546 851 2619 assumentum
876 2541 986 2620 pluria
1017 2548 1048 2603 et
1076 2542 1192 2622 pratia

279 2638 370 2718 apud
384 2640 599 2702 Altisst‘mum.

279 2804 351 2867 Plus
376 2802 606 2868 recordationis
628 2804 799 2882 Ludovici‚
814 2806 913 2889 patris
928 2807 1023 2868 vestri
1038 2816 1070 2869 et
1088 2807 1190 2869 nostri

235 2905 459 2984 benefactoris
473 2928 534 2970 nee
551 2905 705 2970 debemus
726 2928 787 2969 uec
803 2909 949 2970 volumus
965 2908 1031 2969 ullo
1048 2928 1187 2991 unquam

235 3017 378 3091 tempore
398 3028 468 3071 esse
488 3009 708 3083 immemores;
731 3007 789 3070 sed
807 3009 919 3088 magis,
935 3017 971 3070 ut
987 3017 1141 3086 tenemur,
1154 3009 1189 3071 iu

235 3118 346 3172 nostro
361 3119 410 3172 est
424 3120 498 3173 voto
514 3121 547 3173 et
556 3112 685 3188 affeetu,
700 3120 736 3173 ut
749 3110 818 3195 ejus
833 3109 1003 3173 benefieiis
1018 3120 1051 3174 et
1065 3109 1189 3189 honori,

235 3231 308 3293 quae
336 3211 431 3273 beato
460 3212 589 3293 martyri
617 3210 752 3274 Thomae
781 3211 814 3273 in
842 3230 900 3272 suo
925 3210 1036 3290 exilio,
1059 3220 1091 3274 et
1113 3221 1189 3295 post

234 3311 408 3393 gloriosam
433 3313 502 3399 ejus
529 3313 694 3378 victoriam
723 3313 757 3376 in
782 3313 912 3398 propria
940 3334 1077 3397 persona
1104 3313 1189 3377 Can·

234 3413 343 3476 tuariae
366 3414 524 3493 exhibuit,
544 3415 704 3501 possimus
725 3417 776 3479 vel
800 3416 834 3478 in
855 3416 963 3500 aliquo
986 3414 1189 3500 respondere.

234 3513 343 3595 Ipsius
364 3514 473 3599 itaque
494 3516 643 3594 animam,
658 3516 746 3600 quod
765 3537 852 3578 nunc
868 3516 954 3593 lieet,
970 3516 1094 3579 devotis
1116 3537 1188 3600 pro-

234 3615 396 3698 sequimur
424 3617 633 3695 orationibuS,
663 3628 699 3680 ut
728 3617 795 3700 qui,
821 3616 898 3679 dum
924 3617 1016 3694 vixit,
1041 3617 1075 3680 id
1100 3618 1187 3701 apud

233 3717 403 3779 ecelesiam
426 3718 689 3782 Cantuariensem
710 3719 804 3802 plene
824 3718 1009 3800 promeruit,
1022 3718 1092 3802 jam
1114 3740 1186 3783 seu·

233 3819 293 3881 tiat
305 3819 408 3901 ipsius
428 3822 574 3905 martyris
594 3832 628 3885 et
649 3842 779 3886 suorum
801 3819 1005 3884 devotionem
1029 3821 1091 3883 sibi
1113 3841 1186 3904 pro·

234 3920 338 4001 desse,
353 3924 410 4007 qui
425 3925 529 3990 eidem
544 3927 673 4010 martyri
694 3936 727 3989 et
742 3926 808 3990 suis
822 3926 856 3988 in
872 3925 1130 3990 tribulationibus
1152 3933 1185 3988 et

232 4025 387 4106 angustiis
407 4028 514 4092 extitit
535 4038 600 4091 tam
621 4028 765 4094 devotus.
811 4029 850 4090 In
872 4026 1050 4092 boeotiam
1074 4026 1183 4088 excel-

696 4148 718 4190 u
