2864 4598
629 403 809 452 nrrsrorn.
1158 395 1199 453 45

242 554 328 617 nisse
351 563 383 618 et
405 554 530 635 legibus
552 564 684 631 naturae,
707 554 910 637 quantumin
926 553 1031 629 nobis,
1047 555 1198 635 abrogare

164 715 166 720 .
242 649 394 737 vigorem.
440 654 492 717 De
514 655 692 717 bisantem
714 655 768 738 qui
790 675 918 717 suorum
936 665 967 716 et
983 654 1124 716 maxime
1140 654 1196 716 do·

241 754 445 818 mesticorum
462 775 570 817 curam
587 776 653 817 non
667 755 798 831 habent,
813 776 885 838 quae
910 755 951 817 sit
972 756 1109 836 apostoli
1125 776 1196 818 sen-

240 857 350 934 tentia,
373 878 430 919 vos
451 878 511 918 nec
531 867 636 938 potest
656 877 715 918 nec
738 854 836 919 debet
861 858 968 919 latere.
1014 856 1103 919 Alias
1126 857 1195 920 haec

241 959 437 1042 scripsimus
463 958 521 1021 sed
549 979 589 1020 eo
615 978 718 1040 usque
744 977 810 1019 non
836 957 992 1033 exauditi,
1019 958 1106 1040 quod
1130 978 1196 1020 non

240 1058 472 1141 promeruimus
507 1057 583 1120 inde
614 1061 664 1120 vel
700 1079 888 1142 responsum
926 1057 1080 1140 recipere,
1108 1059 1196 1122 unde

145 1186 146 1189 ¹
241 1161 340 1224 satius
362 1157 458 1223 nobis
481 1173 566 1224 esset
590 1161 761 1223 subsistere
785 1181 842 1245 pro
866 1162 991 1223 rubore.
1037 1160 1101 1224 Sed
1124 1182 1196 1244 pro-

241 1262 394 1326 culdubio
419 1262 526 1346 ipsum
550 1265 697 1325 ruborem
724 1263 801 1326 ricit
826 1263 965 1337 affectio,
993 1283 1057 1346 qun
1083 1264 1194 1326 astrin-

241 1365 345 1446 gimur
359 1367 450 1428 robis
466 1378 498 1428 et
512 1366 623 1428 vestris
646 1377 757 1429 contra
778 1386 905 1428 omnem
922 1367 1079 1429 fortunam
1103 1366 1196 1429 assis-

241 1478 317 1543 tere,
339 1488 381 1530 ne
403 1487 462 1550 per
483 1488 544 1530 nos
561 1467 704 1530 videatur
727 1468 851 1531 stetisse
874 1489 939 1551 quo
961 1467 1069 1530 minus
1092 1478 1196 1551 pater-

239 1570 329 1633 nitati
345 1584 455 1635 restrae
473 1569 600 1633 debitus
616 1573 719 1634 honor
730 1573 849 1654 ubique
864 1571 989 1653 integer
1003 1583 1194 1653 permaneat.

240 1672 389 1756 Denique
413 1684 513 1736 vester
528 1673 584 1736 sed
606 1684 637 1737 et
657 1684 766 1737 noster
781 1674 814 1735 in
831 1672 958 1735 Christo
974 1673 1068 1735 irater
1083 1674 1195 1736 Ricar-

239 1773 300 1836 dus
315 1775 348 1837 in
364 1798 499 1840 moerore
515 1784 547 1839 et
562 1776 710 1858 angustia
725 1775 838 1857 affligit
860 1774 999 1837 animam
1015 1795 1115 1851 suam,
1132 1796 1192 1838 nec

238 1875 271 1937 in
289 1898 322 1939 se
337 1878 386 1940 rel
402 1877 560 1941 modicam
576 1877 690 1960 recipit
703 1875 967 1953 consolationem,
983 1875 1098 1938 fatetur
1110 1896 1194 1936 erro-

238 1994 316 2052 rem,
332 1975 488 2057 promittit
510 1976 752 2053 correctionem,
772 1975 906 2039 inclinat
928 1998 962 2040 se
985 1986 1017 2041 et
1039 1998 1130 2039 suam
1151 1977 1194 2039 ad

238 2087 375 2140 vestram
404 2078 609 2140 voluntatem.
667 2077 866 2141 Desiderotis
897 2101 968 2141 eum
999 2079 1195 2155 monachari,

239 2177 415 2260 acquiescit
438 2178 519 2261 ipse,
548 2177 767 2240 tantummodo
792 2178 833 2240 de
856 2178 929 2242 loco
952 2201 1018 2241 non
1047 2179 1087 2242 sit
1116 2201 1194 2242 con·

239 2279 348 2340 tentio.
388 2277 654 2341 Cantuariensem
669 2279 839 2342 ecclesiam
855 2279 916 2342 sibi
934 2280 1023 2361 eligit
1038 2280 1071 2341 in
1086 2283 1194 2344 locum

240 2380 446 2444 habitationis
462 2391 495 2443 et
514 2381 668 2464 requiem,
683 2393 716 2444 et
731 2391 885 2464 quantum
907 2382 949 2444 ad
970 2404 1030 2445 nos
1045 2383 1194 2464 pertinet,

241 2492 328 2564 patet
343 2483 515 2564 ingressus,
561 2482 712 2563 Superest
727 2482 832 2563 igitur,
847 2483 923 2565 quia
938 2483 984 2546 sic
1001 2482 1143 2566 expedit,
1158 2497 1194 2547 ut

238 2605 296 2667 per
325 2606 382 2647 ros
411 2583 533 2646 domini
562 2583 797 2667 archiepiscopi
825 2586 1004 2667 requiratur
1033 2607 1194 2664 assensus,

238 2683 407 2749 familiares
429 2700 461 2748 et
482 2685 604 2748 amicos
627 2700 746 2749 restros
770 2687 803 2748 in
827 2689 963 2751 ecclesia
985 2702 1093 2752 nostra
1115 2712 1192 2753 con-

238 2789 384 2866 veniatis,
399 2786 552 2871 si'placet,
564 2796 599 2850 nt
610 2809 671 2849 nos
681 2789 772 2870 quasi
785 2788 911 2868 ignaros
920 2790 996 2852 inde
1009 2792 1192 2868 sollicitent,

238 2901 270 2953 et
291 2911 351 2953 nos
373 2901 478 2974 partes
501 2901 624 2952 nostras
647 2888 897 2970 interponemus
917 2900 952 2951 ut
973 2911 1024 2952 res
1047 2891 1194 2953 sortiatur

239 2995 397 3056 effectum.
442 2993 634 3054 Revertatur
660 2990 755 3052 etiam
780 2990 986 3072 praesentium
1011 2992 1093 3052 lator
1119 3012 1192 3053 cum

238 3094 336 3158 literis
359 3105 494 3157 vestram
516 3094 712 3156 voluntatem
737 3089 976 3153 continentibus
1001 3102 1074 3155 ante
1098 3113 1192 3176 syno-

240 3197 316 3260 dum
337 3207 488 3270 nostram‚
507 3207 542 3258 ut
562 3216 620 3278 per
639 3215 695 3257 ros
712 3194 904 3256 instruamur
925 3204 958 3257 et
981 3193 1076 3257 amici
1100 3195 1193 3258 vestri

239 3298 373 3380 qualiter
392 3295 508 3359 debeat
528 3316 580 3357 res
602 3295 672 3378 ipsa
697 3293 880 3376 procedere.
925 3296 1142 3358 Veruntamen
1165 3296 1193 3358 si

238 3399 341 3461 risum
368 3397 458 3459 vobis
481 3396 584 3468 fuerit,
608 3394 839 3479 peridoneum
863 3397 1011 3459 nuntium
1038 3417 1080 3458 ex
1104 3410 1192 3480 parte

239 3511 340 3563 vestra
351 3498 517 3582 expediret
527 3497 599 3560 haec
616 3497 695 3574 fieri,
706 3498 767 3570 vel,
784 3497 871 3580 quod
883 3499 983 3579 magis
995 3500 1192 3575 affectamus,

237 3620 298 3683 per
311 3608 445 3661 vestram
462 3617 642 3680 personam,
658 3596 686 3658 si
701 3596 796 3681 hujus
814 3597 860 3659 rei
882 3597 981 3678 gratia
997 3618 1054 3660 seu
1070 3609 1104 3661 ut
1118 3599 1193 3662 visi-

238 3700 311 3764 tetis
333 3699 498 3762 dominum
525 3698 802 3782 archiepiscopum
825 3701 933 3783 placet
953 3700 1044 3762 vobis
1068 3698 1110 3763 ad
1131 3722 1191 3763 nos

239 3823 342 3885 usque
369 3801 574 3878 descendere,
600 3811 633 3863 et
656 3799 717 3864 hoc
743 3801 849 3884 ipsum
874 3801 1043 3876 credimus,
1070 3801 1097 3862 si
1123 3800 1191 3865 fieri

238 3913 358 3986 posset,
378 3913 410 3965 et
435 3903 525 3966 robis
552 3911 584 3966 et
606 3902 699 3964 nobis
725 3902 847 3965 utiliter
864 3904 1073 3987 profuturum.
1119 3900 1190 3977 Quo

240 4004 367 4080 affectu,
383 4024 446 4085 qua
459 4003 638 4065 intentione
653 4002 723 4065 haec
740 4002 873 4083 agimus
890 4004 946 4086 qui
967 4003 1128 4085 inspector
1142 4016 1191 4066 est
