2864 4598
302 450 343 508 29
599 458 676 504 vrrs
690 459 806 507 sanem
823 460 951 506 nucum
1160 438 1205 518 [s.
1224 459 1255 503 u.

300 607 450 691 lacrymis
465 606 588 692 inquit3
611 608 631 640 “
648 609 737 671 Ecce
752 628 825 690 quae
841 608 950 670 statuit
965 628 1023 670 rex
1035 605 1162 686 Angliae
1180 627 1255 670 con-

301 720 349 772 tra
362 711 541 772 libertatem
558 709 706 774 ccclesiae
722 709 910 772 catholicae:
936 709 962 772 si
977 709 1048 774 haec
1067 708 1144 772 licet
1163 705 1257 772 dissi-

301 813 422 875 mulare
437 811 505 875 siue
521 810 692 894 dispendio
707 810 833 885 animae,
850 832 907 874 ros
924 809 1095 876 videritis.’'

346 910 376 995 ᾧ.
393 919 444 976 25.
468 913 593 985 Quibus
607 912 755 997 perlectis
770 912 848 975 moti
863 922 939 976 suut
956 934 1067 975 omnes
1087 934 1190 996 usque
1214 911 1256 976 ad

301 1017 490 1099 lachrymas.
535 1016 607 1080 Nec
631 1014 653 1076 ii
677 1035 711 1076 se
733 1010 896 1076 continere
916 1023 1074 1095 poteraut,
1088 1014 1144 1097 qui
1167 1013 1258 1097 prius

302 1139 360 1201 pro
395 1117 516 1180 viribus
551 1114 810 1191 adversabantur,
839 1115 1001 1177 communi
1036 1136 1114 1178 voce
1148 1116 1256 1178 Deum

301 1219 479 1296 laudantes,
505 1217 583 1280 dum
609 1219 660 1280 vel
691 1239 791 1280 unum
822 1217 883 1280 sibi
913 1217 1087 1291 reservarit,
1114 1217 1171 1301 qui
1196 1237 1257 1299 pro

303 1321 442 1385 ecclesia
458 1319 521 1382 Dei
535 1319 568 1380 in
584 1318 641 1381 illa
654 1328 843 1402 tempestate
858 1339 955 1382 ausus
978 1317 1038 1382 fuit
1058 1340 1099 1381 ex
1121 1318 1257 1384 adverso

303 1420 486 1486 ascendere.
531 1421 576 1484 Et
592 1419 647 1504 qui
663 1430 736 1484 ante
754 1420 943 1485 videbantur
962 1441 1057 1504 super
1078 1421 1140 1486 hac
1160 1442 1258 1485 cause

302 1524 387 1588 varie
404 1523 593 1607 disceptare,
602 1523 672 1607 jam
690 1523 723 1585 in
745 1545 842 1586 uuam
858 1545 1037 1587 convenere
1053 1524 1256 1601 seutentiam,

302 1624 335 1686 in
365 1643 501 1707 persona
534 1623 776 1686 Cantuariensis
814 1623 1050 1707 archiepiscopi
1084 1623 1255 1687 universali

303 1723 448 1788 ecclcsiae
464 1723 723 1787 succurrendum.

347 1820 376 1906 b.
394 1829 446 1887 26.
468 1825 600 1888 Postera
614 1846 687 1887 vero
710 1824 763 1887 die
786 1825 818 1886 in
846 1823 1009 1887 secretiori
1023 1824 1165 1888 thalamo
1181 1846 1256 1890 cum

303 1928 435 1991 domino
466 1948 552 2010 papa
588 1926 803 1990 cardinalibus
838 1925 1062 2005 residentibus,
1091 1927 1193 1991 adsuit
1224 1940 1257 1992 et

304 2029 453 2092 dominus
469 2029 721 2106 CantuariensiS,
741 2029 811 2092 baec
833 2029 1002 2113 inquiens:
1025 2030 1171 2094 “Patres
1193 2032 1256 2094 mei

303 2140 336 2196 et
350 2131 482 2209 domiui,
496 2131 623 2194 mentiri
638 2131 759 2194 nemini
775 2131 851 2195 licet
867 2133 995 2211 alicubi,
1009 2131 1128 2196 nedum
1148 2153 1255 2196 coram

303 2233 376 2296 Deo
397 2240 428 2295 et
445 2232 541 2296 vestri
562 2232 734 2314 presentia,
755 2232 840 2296 uude
863 2235 972 2296 volens
993 2232 1050 2296 sed
1073 2245 1105 2297 et
1126 2255 1256 2315 gemeus

302 2335 412 2411 fateor,
428 2333 516 2417 quod
533 2334 593 2398 has
615 2336 803 2415 Anglicanae
827 2335 975 2399 ecclesiae
997 2336 1160 2399 molestias
1183 2357 1256 2399 mea
1308 2406 1310 2411 ,

303 2436 491 2500 miserabilis
506 2438 601 2517 culpa
617 2436 788 2499 suscitavit.
826 2435 968 2499 Ascendi
983 2437 1016 2499 in
1032 2436 1114 2499 ovile
1126 2436 1256 2514 Christi,

303 2534 360 2598 sed
375 2556 440 2597 non
455 2556 513 2616 per
525 2535 632 2618 ipsum
647 2536 775 2611 ostium,
792 2537 877 2600 velut
895 2558 990 2620 quem
1012 2558 1079 2600 uon
1099 2537 1257 2602 canonice

302 2637 429 2700 vocavit
444 2637 571 2715 electio,
587 2637 644 2701 sed
659 2647 758 2702 terror
772 2638 912 2722 publicae
933 2639 1102 2722 potestatis
1119 2639 1255 2703 intrusit.

302 2739 348 2801 Et
362 2738 439 2800 licet
457 2737 519 2800 hoc
543 2759 624 2801 onus
644 2740 838 2822 susceperim
858 2740 987 2818 invituS,
1002 2750 1108 2804 tamen
1129 2739 1169 2803 ad
1191 2741 1254 2804 hoc

301 2861 353 2904 mc
375 2839 506 2902 induxit
526 2840 674 2920 humana,
694 2852 727 2904 et
748 2863 813 2904 non
837 2841 946 2905 divina
967 2844 1122 2907 voluutas.
1168 2837 1256 2914 Quid

300 2942 395 3024 igitur
416 2941 542 3020 mirum,
562 2941 588 3004 si
612 2941 689 3003 mihi
712 2942 807 3005 cessit
826 2942 860 3004 in
884 2940 1098 3006 contrarium?
1136 2943 1254 3006 Verum

301 3045 327 3108 si
350 3044 391 3112 ed
413 3045 499 3125 regis
522 3044 812 3120 comminationem,
831 3055 868 3106 ut
889 3044 1075 3127 coepiscopi
1096 3045 1159 3108 mei
1181 3065 1254 3128 per·

301 3167 428 3209 suasere
446 3144 628 3222 instantius,
643 3145 880 3208 renunciassem
902 3145 1095 3229 episcopalis
1118 3146 1255 3210 auctori·

300 3247 375 3311 tatis
396 3245 473 3307 mihi
494 3244 620 3308 indulto
641 3245 820 3327 privilegio,
835 3246 877 3309 ad
895 3247 1077 3331 principum
1099 3256 1209 3311 votum
1224 3257 1256 3311 et

301 3350 497 3410 voluntatem
511 3345 688 3411 Catholicae
704 3347 848 3411 ecclesiae
865 3349 1081 3431 perniciosum
1096 3349 1255 3432 relinque·

300 3462 387 3513 retur
416 3450 612 3533 exemplum.
670 3449 788 3512 Distuli
823 3450 920 3532 igitur
948 3472 1051 3534 usque
1088 3450 1130 3514 ad
1161 3452 1256 3516 vestri

301 3550 512 3633 praesentiam.
558 3551 656 3614 Nunc
681 3561 787 3615 autem
813 3573 1050 3634 recognoscens
1076 3552 1255 3634 ingressum

302 3673 409 3715 meum
431 3652 537 3715 minus
560 3654 764 3733 canonicum,
785 3667 817 3718 et
836 3655 950 3719 timens
973 3652 1109 3738 proinde
1131 3653 1254 3718 exitum
1281 3674 1282 3677 ¹

300 3753 379 3816 mihi
400 3753 565 3837 provenire
586 3754 785 3831 deteriorem,
801 3755 912 3820 videus
936 3756 1033 3820 ctiam
1058 3755 1141 3818 vires
1165 3775 1261 3820 meas.

302 3856 390 3918 oneri
412 3855 559 3938 impares,
574 3877 616 3919 ue
633 3858 720 3938 gregi
741 3856 886 3921 inveniar
907 3876 1044 3940 praeesse
1060 3856 1101 3922 ad
1117 3857 1253 3935 ruinam,

303 3958 354 4020 cui
371 3957 464 4021 datus
480 3979 549 4020 sum
573 3958 840 4042 qualitercunque
859 3959 893 4021 in
913 3967 1086 4041 pastorem,
1101 3957 1136 4020 in
1156 3979 1252 4023 mauu

300 4069 365 4137 tua,
380 4070 478 4143 pater,
494 4061 803 4145 archiepiscopatum
820 4061 1082 4126 cantuariensem
1098 4061 1253 4144 resigno.”
