2864 4598
250 437 359 518 1104]
530 457 625 503 auor.
641 459 747 504 atauo
763 459 911 503 rannus.
1160 443 1200 505 17

245 601 340 680 regis,
354 602 486 684 primus,
501 614 533 666 et
552 613 738 668 caeterorum
755 606 895 686 signifer,
911 607 942 668 in
964 606 1049 669 hunc
1066 605 1197 669 modum

245 701 377 767 inchoat
405 704 660 770 Loudoniensis:
699 709 718 740 “
736 709 859 784 Pater,”
889 709 1004 792 inquit,
1032 710 1052 741 “
1070 708 1110 771 ad
1141 730 1196 771 vos

246 816 370 889 spectat
388 809 555 872 catholicae
571 809 718 873 ecclesiae
734 831 811 874 cura
826 819 858 873 et
874 810 1067 884 sollicitudo,
1083 819 1119 873 ut
1141 811 1196 894 qui

245 909 374 992 sapiunt
392 930 451 993 per
471 918 607 972 vestram
628 910 796 973 foveantur
814 911 1048 993 providentiam
1073 912 1114 975 ad
1139 933 1196 976 ex·

243 1011 383 1093 emplum
406 1031 540 1087 morum,
562 1021 595 1074 et
617 1012 673 1095 qui
696 1011 858 1094 desipiunt
880 1013 1056 1094 apostolica
1086 1026 1196 1076 aucto·

242 1108 335 1174 ritate
358 1111 569 1194 corripiantur
594 1121 626 1174 et
656 1112 864 1193 corrigantur,
885 1123 921 1175 ut
950 1112 1085 1196 sapiant.
1131 1112 1196 1176 Sed

243 1212 329 1295 apud
345 1223 482 1276 vestram
505 1213 693 1296 sapientiam
715 1236 782 1276 non
797 1213 936 1278 creditur
950 1236 1070 1296 sapere,
1085 1215 1140 1298 qui
1163 1215 1195 1276 in

243 1333 301 1376 sua
330 1315 488 1398 sapientia
509 1315 689 1394 confidens,
711 1326 743 1379 et
772 1317 900 1380 fratrum
922 1316 1142 1394 concordiam,
1164 1327 1196 1379 et

242 1415 389 1479 ecclesiae
403 1437 529 1500 pacem,
540 1417 686 1500 regisquo
703 1417 904 1481 devotionern
916 1419 1101 1502 perturbare
1118 1439 1194 1481 con-

241 1516 353 1581 tendit.
384 1519 512 1599 Nuper
533 1517 692 1602 siquidem
712 1519 747 1580 iu
763 1519 879 1600 Anglia
893 1530 961 1580 orta
976 1528 1024 1581 est
1038 1517 1195 1580 dissensio

242 1617 326 1682 inter
347 1640 480 1701 regnum
504 1632 537 1682 et
560 1619 771 1683 sacerdotium
795 1640 836 1681 ex
858 1620 918 1681 levi
943 1628 975 1681 et
996 1619 1103 1681 minus
1125 1619 1196 1681 utili

245 1721 425 1798 occasione,
441 1743 513 1805 quae
528 1720 654 1784 facilius
668 1719 825 1804 potuisset
839 1720 995 1800 extingui,
1011 1721 1036 1782 si
1052 1720 1197 1783 adhibita

243 1822 272 1886 ei
295 1822 406 1885 fuisset
434 1822 600 1885 moderata
623 1820 753 1884 curatio.
799 1821 917 1881 Verum
942 1820 1018 1903 quia
1047 1819 1195 1880 dominus

241 1923 480 1988 Cantuariensis
502 1944 560 1986 suo
583 1936 615 1986 et
641 1923 791 2004 singulari
813 1923 845 1984 in
869 1922 928 1984 hac
952 1932 1051 2005 parte,
1074 1930 1107 1984 et
1130 1942 1195 1982 non

240 2036 351 2088 nostro
370 2047 446 2089 usus
466 2025 613 2100 consilio,
635 2023 740 2087 acrius
766 2045 860 2106 aequo
880 2023 1006 2100 institit,
1027 2044 1094 2084 non
1117 2043 1193 2084 con-

244 2124 383 2190 siderata
398 2125 550 2208 temporis
564 2124 696 2201 malitia,
713 2124 798 2207 quod
814 2125 864 2186 vel
881 2125 973 2207 quale
990 2121 1193 2207 dispendium

241 2248 283 2290 ex
302 2227 359 2290 tali
378 2227 501 2310 impetu
525 2236 635 2308 posset
652 2225 833 2308 provenire·
851 2234 884 2287 et
908 2225 969 2286 sibi
992 2234 1024 2286 et
1046 2224 1194 2286 fratribus

240 2329 307 2392 suis
336 2329 480 2392 contexit
509 2329 650 2411 laqueos.
695 2328 740 2389 Et
769 2327 796 2389 si
819 2326 848 2389 ei
878 2327 911 2389 in
941 2326 1105 2409 proposito
1136 2345 1193 2386 suo

240 2441 348 2494 noster
369 2430 497 2493 favisset
519 2450 679 2505 assensus,
695 2428 764 2513 jam
787 2450 836 2491 res
856 2428 927 2512 ipsa
944 2427 985 2490 ad
1007 2427 1192 2489 deteriorem

241 2533 399 2596 calculum
426 2530 616 2595 devenisset.
661 2533 779 2594 Verum
807 2531 884 2614 quia
909 2542 1050 2593 nostram
1080 2528 1192 2592 conni-

238 2636 387 2709 ventiam,
399 2635 483 2698 sicut
497 2656 557 2698 nec
573 2634 696 2711 debuit,
710 2634 751 2697 ad
766 2634 799 2697 id
815 2654 880 2717 quo
895 2633 1058 2710 tendebat,
1074 2632 1190 2695 habere

239 2760 306 2801 non
334 2738 450 2822 potuit,
472 2738 558 2800 visus
581 2747 629 2801 est
658 2739 691 2800 in
721 2737 888 2800 dominum
918 2758 1037 2817 regern,
1059 2748 1091 2798 et
1121 2757 1190 2810 nos,

237 2839 335 2902 immo
354 2839 389 2899 iu
409 2846 511 2899 totum
530 2857 675 2917 regnum,
697 2837 882 2900 temeritatis
902 2858 968 2898 suae
995 2838 1123 2919 culpam
1142 2858 1189 2898 re-

237 2948 395 3022 torquere.
439 2938 598 3009 Quocirca
619 2937 660 3000 ad
684 2935 930 3000 decolorandam
952 2948 1070 2999 mutuae
1085 2938 1189 2999 frater-

237 3040 347 3104 nitatis
377 3040 550 3116 infamiam,
572 3040 635 3101 vim
667 3039 792 3102 nemine
822 3039 989 3116 inferente,
1013 3041 1061 3100 vel
1086 3039 1188 3100 minas

236 3145 426 3218 intentante,
445 3142 550 3224 sugam
576 3142 679 3220 inivit,
696 3142 778 3204 sicut
805 3141 960 3222 scripturn
986 3150 1053 3204 cst:
1093 3142 1188 3223 Fugit

236 3247 357 3330 impius
371 3245 498 3308 nemine
509 3243 750 3328 persequente.'’
787 3243 838 3306 Ad
854 3244 925 3307 haec
941 3243 1089 3307 dominus
1103 3265 1188 3328 papa

238 3352 258 3382 “
276 3348 395 3411 Parce'’
409 3345 513 3430 inquit
531 3347 551 3378 “
569 3346 691 3409 frater.’'
736 3347 781 3409 Et
796 3345 1052 3409 Loudoniensis:
1082 3347 1101 3379 “
1119 3346 1186 3408 Do-

236 3450 332 3528 mine,
347 3471 478 3534 parcam
500 3449 529 3512 ei
542 3447 572 3510 i”
602 3449 647 3513 Et
669 3449 818 3512 dominus
841 3471 943 3533 papa:
967 3451 986 3481 “
1004 3451 1078 3512 Non
1102 3448 1185 3525 dico,

235 3553 337 3630 frater,
361 3552 448 3637 quod
476 3573 592 3636 parcas
621 3553 662 3625 ei,
685 3550 742 3614 sed
764 3552 851 3614 tibi.'’
896 3551 948 3614 Ad
977 3553 1060 3615 hanc
1090 3551 1186 3631 igitur

235 3655 444 3737 apostolicam
467 3675 578 3717 vocem
609 3663 641 3716 et
669 3654 780 3716 tubam
810 3675 924 3716 sensus
948 3652 1183 3715 londoniensis

235 3754 409 3817 infatuatus
431 3763 480 3816 est
501 3775 520 3814 a
542 3753 695 3830 Domino,
717 3753 761 3815 ita
785 3753 914 3816 demum
940 3753 1026 3838 quod
1049 3753 1185 3837 amplius

236 3853 349 3917 mutire
364 3876 431 3917 nou
445 3855 559 3936 potuit.
608 3854 751 3936 Excepit
769 3854 860 3915 illum
882 3853 1018 3936 proinde
1041 3873 1184 3914 sermone

235 3953 393 4018 facundus
417 3955 560 4017 Hilarius
583 3954 791 4018 cicestrensis
816 3955 998 4038 episeopus,
1018 3953 1120 4031 magis
1144 3952 1183 4012 de

237 4076 296 4118 sua
310 4052 478 4119 confidens
493 4055 685 4138 eloquentia,
697 4077 791 4139 quam
806 4055 846 4119 de
856 4056 979 4138 justitia
994 4063 1026 4117 et
1038 4051 1183 4114 veritate:

705 4174 723 4216 c
