2864 4598
242 462 349 542 lica]
528 481 624 526 auor.
642 483 748 526 amno
764 482 909 526 rswans.
1148 467 1186 527 21

238 625 413 704 tremissas,
432 626 504 709 [qui
519 627 700 690 venientem
716 628 756 690 ad
772 650 805 691 se
821 639 954 712 paterna
972 630 1113 712 suscepit
1134 631 1189 692 be·

237 725 405 804 nignitate,
419 747 516 810 super
530 728 699 790 vexatione
713 728 815 809 ipsius
838 728 1040 806 multimoda,
1054 738 1086 791 et
1100 749 1190 811 pere-

238 825 416 904 grinatione
424 838 488 889 tam
500 826 682 910 periculosa
690 839 723 890 et
733 827 812 891 dura
823 842 953 909 paterne
965 823 1188 910 compatiens]

238 925 327 988 Dum
348 927 419 991 haec
436 939 468 990 et
486 928 543 991 illa
562 929 659 990 verbo
681 941 774 991 tenus
795 929 842 991 ibi
865 944 1043 1010 agerentur,
1060 929 1188 993 demum

238 1028 358 1110 recepit
376 1029 409 1090 iu
431 1027 603 1103 mandatis
619 1030 755 1092 crastino
777 1052 870 1092 mane
892 1031 982 1093 exilii
1006 1031 1053 1094 sui
1078 1051 1191 1095 causas

238 1150 344 1191 coram
375 1130 522 1193 fratribus
552 1152 723 1215 exponere.
769 1125 923 1215 Sequenti
950 1155 1024 1215 ergo
1055 1133 1106 1196 die
1135 1132 1189 1196 de-

238 1229 407 1293 mandatur
432 1231 480 1293 sui
506 1231 705 1314 praesentiam
736 1252 841 1293 coram
869 1230 1001 1293 domino
1025 1252 1112 1314 papa
1136 1249 1190 1293 ex-

237 1330 359 1407 hibere,
375 1342 407 1394 et
427 1331 504 1394 dum
529 1343 719 1415 quaereretur
739 1332 822 1395 inter
843 1332 980 1410 sodales,
995 1333 1066 1416 quis
1081 1353 1191 1394 eorum

239 1453 366 1496 causam
390 1433 474 1497 hanc
497 1446 681 1516 exponeret,
703 1435 837 1515 singulis
859 1456 928 1498 sese
950 1435 1192 1511 excusantibus,

240 1538 329 1601 verbi
343 1538 473 1620 pondus
488 1539 575 1622 apud
596 1539 875 1625 archiepiscopum
891 1539 1017 1603 resedit.
1064 1540 1192 1604 Doctus

238 1640 337 1720 igitur
356 1663 375 1703 a
396 1642 479 1719 Dec,
495 1653 526 1705 et
546 1663 604 1724 per
623 1664 656 1705 se
678 1642 963 1724 impremeditatus,
978 1641 1054 1703 dum
1070 1642 1192 1725 primus

242 1764 261 1804 a
276 1742 405 1806 domino
420 1765 506 1827 papa
528 1743 663 1821 sederet,
678 1753 711 1807 et
726 1757 854 1828 propter
876 1744 1081 1806 reverentiam
1098 1746 1192 1808 vellet

241 1865 417 1925 assurgere,
437 1844 549 1927 jussus
577 1843 747 1906 residendo
777 1865 907 1907 causam
938 1843 1120 1915 edisserere,
1145 1845 1191 1908 sic

240 1945 378 2025 incepit:
403 1945 532 2007 “Licet
553 1966 618 2007 non
642 1945 776 2007 multum
802 1943 974 2027 sapientes,
996 1964 1058 2006 nec
1085 1956 1190 2007 tamen

238 2067 340 2129 usque
363 2047 445 2110 adeo
468 2068 580 2110 sumus
604 2047 693 2125 fatui,
714 2058 750 2109 ut
771 2068 878 2127 regem
901 2045 1037 2126 Angliae‚
1059 2066 1135 2109 suos
1160 2057 1192 2110 et

239 2171 307 2226 sua,
322 2170 380 2232 pro
400 2150 502 2212 nihilo
524 2150 791 2233 relinqueremus:
816 2170 890 2211 nam
907 2148 933 2210 si
950 2148 1102 2211 vellemus
1124 2171 1191 2213 suae

240 2271 297 2333 per
322 2251 429 2312 omnia
459 2250 586 2332 placere
616 2249 780 2325 voluntati,
808 2249 842 2310 in
869 2268 926 2310 sua
956 2257 1110 2330 potestate
1142 2249 1191 2311 vel

237 2373 336 2432 regno
365 2372 430 2413 non
456 2362 541 2414 esset
563 2352 645 2434 quis,
672 2351 727 2434 qui
753 2349 848 2412 nobis
873 2370 938 2410 non
965 2348 1109 2411 obediret
1133 2371 1192 2433 pro

237 2453 338 2530 libito,
354 2463 387 2515 et
401 2451 477 2515 dum
494 2453 554 2514 sub
569 2452 630 2515 hac
644 2450 827 2513 conditione
839 2450 870 2513 ei
885 2449 1102 2523 militavimus
1115 2451 1192 2533 quid

238 2555 297 2618 fuit
319 2554 406 2639 quod
427 2557 523 2618 nobis
546 2577 612 2618 non
636 2553 794 2618 successit
816 2552 857 2616 ad
880 2550 1008 2615 votum?
1048 2554 1102 2614 Ex
1126 2575 1190 2637 quo

237 2677 311 2718 vero
333 2656 428 2720 aliam
450 2656 586 2737 ingressi
608 2677 719 2718 sumus
742 2656 838 2732 viam,
853 2666 885 2716 et
900 2654 976 2717 sacti
999 2675 1110 2717 sumus
1125 2676 1191 2717 me·

238 2777 342 2819 mores
373 2756 580 2837 professionis
610 2766 642 2818 et
671 2754 875 2830 obedientiae,
902 2774 999 2836 quam
1030 2775 1087 2835 pro
1118 2754 1191 2818 Deo

237 2850 446 2941 suscepimus,
458 2878 553 2940 quem
569 2856 609 2918 ad
624 2878 684 2918 uos
699 2855 821 2930 habuit,
831 2854 935 2934 tepuit
948 2854 1092 2936 profecto
1107 2855 1194 2936 prior

238 2959 380 3020 affectus.
427 2957 543 3019 Adhuc
561 2968 665 3018 autem
683 2957 710 3017 si
726 2956 767 3016 ab
782 2955 844 3016 isto
859 2954 1023 3036 proposito
1039 2955 1192 3020 vellemus

238 3057 369 3135 resilire,
392 3057 433 3119 ad
457 3055 526 3140 ejus
548 3053 799 3136 recuperandam
821 3053 955 3132 gratiam
978 3053 1098 3115 nullius
1120 3075 1192 3138 per-

238 3182 327 3223 sonae
353 3180 517 3242 egeremus
545 3158 734 3221 interventu.
779 3156 899 3217 Verum
925 3155 1000 3238 quia
1024 3155 1192 3220 Cantuari·

238 3263 325 3325 ensis
347 3262 484 3324 ecclesia
507 3263 554 3324 sol
578 3261 659 3322 solet
680 3279 750 3321 esse
771 3256 958 3334 occidentis,
974 3265 1006 3319 et
1025 3258 1057 3320 in
1076 3261 1193 3323 nostris

238 3363 434 3446 temporibus
457 3359 624 3424 obfuscata
644 3372 691 3421 est
710 3357 849 3434 claritas,
864 3356 1032 3440 quodlibet
1055 3368 1192 3423 tormen-

238 3477 316 3540 tum,
336 3463 394 3526 sed
416 3472 448 3525 et
469 3463 556 3525 mille
579 3461 689 3524 mortis
711 3479 838 3540 genera,
863 3459 889 3520 si
912 3468 959 3521 tot
982 3469 1192 3538 occurrerent,

238 3565 392 3627 libentius
418 3563 644 3647 exciperemus
667 3561 701 3623 in
726 3559 878 3636 Domino,
901 3580 996 3642 quam
1023 3561 1191 3625 sustinere·

238 3685 309 3727 mus
324 3666 384 3726 sub
400 3663 651 3727 dissimulatione
668 3661 719 3723 his
735 3659 847 3722 diebus
870 3661 964 3736 mala,
980 3683 1051 3745 quae
1066 3663 1192 3744 patitur.

239 3766 392 3830 Pomone
408 3766 517 3830 videar
531 3767 655 3829 curiose
671 3765 722 3826 vel
736 3765 870 3826 obtentu
885 3784 975 3825 vanae
992 3764 1099 3844 gloriae
1121 3765 1192 3829 haec

239 3867 418 3944 inchoasse,
433 3868 567 3951 expedit
580 3879 616 3931 ut
630 3868 756 3931 oculata
770 3865 834 3927 fide
850 3875 975 3928 constet
993 3865 1032 3927 de
1047 3866 1193 3928 affectu.'’

240 3968 286 4030 Et
311 3968 492 4051 producens
522 3970 684 4053 scriptum,
713 3968 748 4029 in
777 3987 842 4048 quo
871 3976 1037 4047 conceptae
1067 3965 1193 4028 suerunt

240 4067 488 4131 consuetudines
517 4069 592 4148 illae,
619 4068 658 4132 de
689 4067 808 4151 quibus
834 4064 1095 4139 contendebatur,
1120 4086 1193 4127 cum
