<?xml version="1.0" encoding="UTF-8"?>
<!DOCTYPE html PUBLIC "-//W3C//DTD XHTML 1.0 Transitional//EN"
    "http://www.w3.org/TR/xhtml1/DTD/xhtml1-transitional.dtd">
<html xmlns="http://www.w3.org/1999/xhtml" xml:lang="en" lang="en">
 <head>
  <title>
</title>
<meta http-equiv="Content-Type" content="text/html;charset=utf-8" />
  <meta name='ocr-system' content='tesseract 3.04.00' />
  <meta name='ocr-capabilities' content='ocr_page ocr_carea ocr_par ocr_line ocrx_word'/>
</head>
<body>
  <div class='ocr_page' id='page_1' title='image "./alaniprioriscan00allagoog_0065.png"; bbox 0 0 2864 4598; ppageno 0'>
   <div class='ocr_carea' id='block_1_1' title="bbox 323 413 867 472">
    <p class='ocr_par' dir='ltr' id='par_1_1' title="bbox 323 413 867 472">
     <span class='ocr_line' id='line_1_1' title="bbox 323 413 867 472; baseline -0.006 0"><span class='ocrx_word' id='word_1_1' title='bbox 323 413 365 472; x_wconf 76' lang='lat'>50</span> <span class='ocrx_word' id='word_1_2' title='bbox 770 424 867 469; x_wconf 76' lang='lat' dir='ltr'>auaui</span> 
     </span>
    </p>
   </div>
   <div class='ocr_carea' id='block_1_2' title="bbox 319 569 1285 4105">
    <p class='ocr_par' dir='ltr' id='par_1_2' title="bbox 319 569 1285 4105">
     <span class='ocr_line' id='line_1_2' title="bbox 324 569 1279 656; baseline -0.004 -20"><span class='ocrx_word' id='word_1_3' title='bbox 324 583 438 636; x_wconf 87' lang='lat' dir='ltr'>torum.</span> <span class='ocrx_word' id='word_1_4' title='bbox 485 569 556 656; x_wconf 86' lang='lat' dir='ltr'>Eja,</span> <span class='ocrx_word' id='word_1_5' title='bbox 570 573 656 634; x_wconf 91' lang='lat' dir='ltr'>bone</span> <span class='ocrx_word' id='word_1_6' title='bbox 680 569 780 649; x_wconf 87' lang='lat' dir='ltr'>asine,</span> <span class='ocrx_word' id='word_1_7' title='bbox 796 570 972 634; x_wconf 77' lang='lat' dir='ltr'>confortare</span> <span class='ocrx_word' id='word_1_8' title='bbox 988 580 1020 634; x_wconf 89' lang='lat' dir='ltr'>et</span> <span class='ocrx_word' id='word_1_9' title='bbox 1038 580 1107 633; x_wconf 88' lang='lat' dir='ltr'>esto</span> <span class='ocrx_word' id='word_1_10' title='bbox 1128 572 1279 634; x_wconf 83' lang='lat' dir='ltr'>robustus</span> 
     </span>
     <span class='ocr_line' id='line_1_3' title="bbox 324 671 1282 758; baseline -0.003 -20"><span class='ocrx_word' id='word_1_11' title='bbox 324 685 356 739; x_wconf 89' lang='lat' dir='ltr'>et</span> <span class='ocrx_word' id='word_1_12' title='bbox 380 673 447 737; x_wconf 92' lang='lat' dir='ltr'>noli</span> <span class='ocrx_word' id='word_1_13' title='bbox 476 693 595 758; x_wconf 91' lang='lat' dir='ltr'>ponere</span> <span class='ocrx_word' id='word_1_14' title='bbox 626 673 859 736; x_wconf 84' lang='lat' dir='ltr'>firmamentum</span> <span class='ocrx_word' id='word_1_15' title='bbox 886 684 976 735; x_wconf 86' lang='lat' dir='ltr'>tuum</span> <span class='ocrx_word' id='word_1_16' title='bbox 999 671 1214 747; x_wconf 85' lang='lat' dir='ltr'>formidinem,</span> <span class='ocrx_word' id='word_1_17' title='bbox 1239 693 1282 735; x_wconf 91' lang='lat' dir='ltr'>ne</span> 
     </span>
     <span class='ocr_line' id='line_1_4' title="bbox 325 773 1282 859; baseline -0.003 -20"><span class='ocrx_word' id='word_1_18' title='bbox 325 776 438 839; x_wconf 90' lang='lat' dir='ltr'>timeas</span> <span class='ocrx_word' id='word_1_19' title='bbox 453 798 472 838; x_wconf 91' lang='lat' dir='ltr'>a</span> <span class='ocrx_word' id='word_1_20' title='bbox 487 775 567 838; x_wconf 88' lang='lat' dir='ltr'>facie</span> <span class='ocrx_word' id='word_1_21' title='bbox 588 796 699 838; x_wconf 90' lang='lat' dir='ltr'>eorum</span> <span class='ocrx_word' id='word_1_22' title='bbox 721 774 777 859; x_wconf 91' lang='lat' dir='ltr'>qui</span> <span class='ocrx_word' id='word_1_23' title='bbox 799 773 994 837; x_wconf 87' lang='lat' dir='ltr'>exultantia</span> <span class='ocrx_word' id='word_1_24' title='bbox 1012 775 1109 837; x_wconf 88' lang='lat' dir='ltr'>rebus</span> <span class='ocrx_word' id='word_1_25' title='bbox 1122 774 1282 857; x_wconf 88' lang='lat' dir='ltr'>pessimis,</span> 
     </span>
     <span class='ocr_line' id='line_1_5' title="bbox 327 873 1282 960; baseline -0.002 -21"><span class='ocrx_word' id='word_1_26' title='bbox 327 897 461 960; x_wconf 88' lang='lat' dir='ltr'>quorum</span> <span class='ocrx_word' id='word_1_27' title='bbox 487 873 639 956; x_wconf 89' lang='lat' dir='ltr'>gaudium</span> <span class='ocrx_word' id='word_1_28' title='bbox 664 874 758 957; x_wconf 89' lang='lat' dir='ltr'>quasi</span> <span class='ocrx_word' id='word_1_29' title='bbox 781 875 900 937; x_wconf 90' lang='lat' dir='ltr'>nebula</span> <span class='ocrx_word' id='word_1_30' title='bbox 922 885 955 938; x_wconf 86' lang='lat' dir='ltr'>et</span> <span class='ocrx_word' id='word_1_31' title='bbox 978 875 1020 937; x_wconf 90' lang='lat' dir='ltr'>ad</span> <span class='ocrx_word' id='word_1_32' title='bbox 1044 875 1145 939; x_wconf 90' lang='lat' dir='ltr'>instar</span> <span class='ocrx_word' id='word_1_33' title='bbox 1166 875 1282 959; x_wconf 90' lang='lat' dir='ltr'>puncti</span> 
     </span>
     <span class='ocr_line' id='line_1_6' title="bbox 327 977 1282 1062; baseline 0 -18"><span class='ocrx_word' id='word_1_34' title='bbox 327 980 530 1044; x_wconf 88' lang='lat' dir='ltr'>descendunt</span> <span class='ocrx_word' id='word_1_35' title='bbox 553 980 595 1042; x_wconf 91' lang='lat' dir='ltr'>ad</span> <span class='ocrx_word' id='word_1_36' title='bbox 618 979 746 1041; x_wconf 83' lang='lat' dir='ltr'>inferos.</span> <span class='ocrx_word' id='word_1_37' title='bbox 790 977 849 1042; x_wconf 88' lang='lat' dir='ltr'>Vir</span> <span class='ocrx_word' id='word_1_38' title='bbox 862 978 1021 1062; x_wconf 89' lang='lat' dir='ltr'>insipiens</span> <span class='ocrx_word' id='word_1_39' title='bbox 1035 1000 1101 1042; x_wconf 93' lang='lat' dir='ltr'>non</span> <span class='ocrx_word' id='word_1_40' title='bbox 1117 991 1282 1061; x_wconf 84' lang='lat' dir='ltr'>agnoscet,</span> 
     </span>
     <span class='ocr_line' id='line_1_7' title="bbox 326 1079 1282 1165; baseline -0.001 -19"><span class='ocrx_word' id='word_1_41' title='bbox 326 1092 358 1146; x_wconf 87' lang='lat' dir='ltr'>et</span> <span class='ocrx_word' id='word_1_42' title='bbox 384 1083 499 1144; x_wconf 86' lang='lat' dir='ltr'>stultus</span> <span class='ocrx_word' id='word_1_43' title='bbox 528 1101 594 1142; x_wconf 94' lang='lat' dir='ltr'>non</span> <span class='ocrx_word' id='word_1_44' title='bbox 624 1079 780 1160; x_wconf 71' lang='lat' dir='ltr'>intelliget</span> <span class='ocrx_word' id='word_1_45' title='bbox 808 1079 889 1143; x_wconf 86' lang='lat' dir='ltr'>haec.</span> <span class='ocrx_word' id='word_1_46' title='bbox 934 1081 1151 1144; x_wconf 77' lang='lat' dir='ltr'>Veruntamen</span> <span class='ocrx_word' id='word_1_47' title='bbox 1182 1104 1282 1165; x_wconf 92' lang='lat' dir='ltr'>quum</span> 
     </span>
     <span class='ocr_line' id='line_1_8' title="bbox 325 1182 1279 1265; baseline 0.001 -19"><span class='ocrx_word' id='word_1_48' title='bbox 325 1184 430 1246; x_wconf 87' lang='lat' dir='ltr'>exorti</span> <span class='ocrx_word' id='word_1_49' title='bbox 446 1182 562 1245; x_wconf 85' lang='lat' dir='ltr'>suerint</span> <span class='ocrx_word' id='word_1_50' title='bbox 576 1191 762 1264; x_wconf 83' lang='lat' dir='ltr'>peccatores</span> <span class='ocrx_word' id='word_1_51' title='bbox 785 1190 816 1243; x_wconf 87' lang='lat' dir='ltr'>et</span> <span class='ocrx_word' id='word_1_52' title='bbox 839 1182 1041 1265; x_wconf 82' lang='lat' dir='ltr'>apparuerint</span> <span class='ocrx_word' id='word_1_53' title='bbox 1059 1184 1144 1247; x_wconf 87' lang='lat' dir='ltr'>sicut</span> <span class='ocrx_word' id='word_1_54' title='bbox 1156 1185 1279 1248; x_wconf 83' lang='lat' dir='ltr'>foenum</span> 
     </span>
     <span class='ocr_line' id='line_1_9' title="bbox 325 1283 1281 1359; baseline 0.001 -12"><span class='ocrx_word' id='word_1_55' title='bbox 325 1295 362 1347; x_wconf 90' lang='lat' dir='ltr'>ut</span> <span class='ocrx_word' id='word_1_56' title='bbox 376 1286 532 1347; x_wconf 84' lang='lat' dir='ltr'>intereant</span> <span class='ocrx_word' id='word_1_57' title='bbox 546 1283 579 1345; x_wconf 89' lang='lat' dir='ltr'>in</span> <span class='ocrx_word' id='word_1_58' title='bbox 597 1284 741 1345; x_wconf 91' lang='lat' dir='ltr'>seculum</span> <span class='ocrx_word' id='word_1_59' title='bbox 756 1283 868 1359; x_wconf 89' lang='lat' dir='ltr'>seculi,</span> <span class='ocrx_word' id='word_1_60' title='bbox 884 1295 960 1347; x_wconf 89' lang='lat' dir='ltr'>tuno</span> <span class='ocrx_word' id='word_1_61' title='bbox 982 1283 1108 1348; x_wconf 91' lang='lat' dir='ltr'>demum</span> <span class='ocrx_word' id='word_1_62' title='bbox 1125 1286 1281 1349; x_wconf 85' lang='lat' dir='ltr'>eructabit</span> 
     </span>
     <span class='ocr_line' id='line_1_10' title="bbox 326 1383 1280 1468; baseline 0.001 -21"><span class='ocrx_word' id='word_1_63' title='bbox 326 1407 382 1448; x_wconf 93' lang='lat' dir='ltr'>cor</span> <span class='ocrx_word' id='word_1_64' title='bbox 399 1383 477 1468; x_wconf 87' lang='lat' dir='ltr'>justi</span> <span class='ocrx_word' id='word_1_65' title='bbox 499 1384 630 1446; x_wconf 76' lang='lat' dir='ltr'>verbum</span> <span class='ocrx_word' id='word_1_66' title='bbox 652 1384 785 1464; x_wconf 86' lang='lat' dir='ltr'>bonum,</span> <span class='ocrx_word' id='word_1_67' title='bbox 807 1384 884 1466; x_wconf 89' lang='lat' dir='ltr'>quia</span> <span class='ocrx_word' id='word_1_68' title='bbox 906 1384 933 1447; x_wconf 91' lang='lat' dir='ltr'>si</span> <span class='ocrx_word' id='word_1_69' title='bbox 956 1384 1066 1467; x_wconf 89' lang='lat' dir='ltr'>utique</span> <span class='ocrx_word' id='word_1_70' title='bbox 1089 1396 1137 1448; x_wconf 91' lang='lat' dir='ltr'>est</span> <span class='ocrx_word' id='word_1_71' title='bbox 1159 1385 1280 1449; x_wconf 86' lang='lat' dir='ltr'>fructus</span> 
     </span>
     <span class='ocr_line' id='line_1_11' title="bbox 319 1484 1280 1570; baseline 0 -20"><span class='ocrx_word' id='word_1_72' title='bbox 319 1487 419 1570; x_wconf 86' lang='lat' dir='ltr'>justo,</span> <span class='ocrx_word' id='word_1_73' title='bbox 433 1486 545 1569; x_wconf 88' lang='lat' dir='ltr'>utique</span> <span class='ocrx_word' id='word_1_74' title='bbox 561 1495 609 1548; x_wconf 90' lang='lat' dir='ltr'>est</span> <span class='ocrx_word' id='word_1_75' title='bbox 623 1484 716 1547; x_wconf 89' lang='lat' dir='ltr'>Deus</span> <span class='ocrx_word' id='word_1_76' title='bbox 726 1485 879 1569; x_wconf 89' lang='lat' dir='ltr'>judicans</span> <span class='ocrx_word' id='word_1_77' title='bbox 895 1487 995 1549; x_wconf 85' lang='lat' dir='ltr'>cosin</span> <span class='ocrx_word' id='word_1_78' title='bbox 1010 1499 1100 1551; x_wconf 88' lang='lat' dir='ltr'>terra.</span> <span class='ocrx_word' id='word_1_79' title='bbox 1146 1488 1280 1550; x_wconf 82' lang='lat' dir='ltr'>interim</span> 
     </span>
     <span class='ocr_line' id='line_1_12' title="bbox 326 1587 1280 1674; baseline 0.001 -22"><span class='ocrx_word' id='word_1_80' title='bbox 326 1589 461 1674; x_wconf 86' lang='lat' dir='ltr'>expedit</span> <span class='ocrx_word' id='word_1_81' title='bbox 481 1589 541 1650; x_wconf 88' lang='lat' dir='ltr'>sub</span> <span class='ocrx_word' id='word_1_82' title='bbox 564 1587 691 1650; x_wconf 89' lang='lat' dir='ltr'>silentio</span> <span class='ocrx_word' id='word_1_83' title='bbox 714 1600 888 1670; x_wconf 84' lang='lat' dir='ltr'>expectare</span> <span class='ocrx_word' id='word_1_84' title='bbox 912 1589 1048 1651; x_wconf 88' lang='lat' dir='ltr'>salutare</span> <span class='ocrx_word' id='word_1_85' title='bbox 1071 1589 1136 1653; x_wconf 92' lang='lat' dir='ltr'>Dei</span> <span class='ocrx_word' id='word_1_86' title='bbox 1159 1601 1191 1652; x_wconf 89' lang='lat' dir='ltr'>et</span> <span class='ocrx_word' id='word_1_87' title='bbox 1214 1610 1280 1653; x_wconf 92' lang='lat' dir='ltr'>am-</span> 
     </span>
     <span class='ocr_line' id='line_1_13' title="bbox 326 1689 1280 1773; baseline 0 -19"><span class='ocrx_word' id='word_1_88' title='bbox 326 1693 436 1754; x_wconf 89' lang='lat' dir='ltr'>bulare</span> <span class='ocrx_word' id='word_1_89' title='bbox 459 1689 648 1771; x_wconf 86' lang='lat' dir='ltr'>simpliciter</span> <span class='ocrx_word' id='word_1_90' title='bbox 662 1689 695 1751; x_wconf 92' lang='lat' dir='ltr'>in</span> <span class='ocrx_word' id='word_1_91' title='bbox 712 1689 835 1752; x_wconf 85' lang='lat' dir='ltr'>semitis</span> <span class='ocrx_word' id='word_1_92' title='bbox 851 1689 997 1773; x_wconf 78' lang='lat' dir='ltr'>justitiae,</span> <span class='ocrx_word' id='word_1_93' title='bbox 1012 1690 1088 1772; x_wconf 92' lang='lat' dir='ltr'>quia</span> <span class='ocrx_word' id='word_1_94' title='bbox 1109 1691 1157 1753; x_wconf 88' lang='lat' dir='ltr'>vir</span> <span class='ocrx_word' id='word_1_95' title='bbox 1176 1691 1280 1772; x_wconf 90' lang='lat' dir='ltr'>ingre·</span> 
     </span>
     <span class='ocr_line' id='line_1_14' title="bbox 328 1789 1280 1875; baseline 0.002 -21"><span class='ocrx_word' id='word_1_96' title='bbox 328 1792 421 1854; x_wconf 91' lang='lat' dir='ltr'>diens</span> <span class='ocrx_word' id='word_1_97' title='bbox 437 1790 516 1853; x_wconf 91' lang='lat' dir='ltr'>duas</span> <span class='ocrx_word' id='word_1_98' title='bbox 531 1790 599 1852; x_wconf 81' lang='lat' dir='ltr'>vias</span> <span class='ocrx_word' id='word_1_99' title='bbox 615 1811 680 1852; x_wconf 89' lang='lat' dir='ltr'>non</span> <span class='ocrx_word' id='word_1_100' title='bbox 696 1789 829 1852; x_wconf 90' lang='lat' dir='ltr'>habebit</span> <span class='ocrx_word' id='word_1_101' title='bbox 848 1790 1000 1873; x_wconf 88' lang='lat' dir='ltr'>requiem.</span> <span class='ocrx_word' id='word_1_102' title='bbox 1045 1790 1171 1855; x_wconf 88' lang='lat' dir='ltr'>Idcirco</span> <span class='ocrx_word' id='word_1_103' title='bbox 1195 1813 1280 1875; x_wconf 90' lang='lat' dir='ltr'>pone</span> 
     </span>
     <span class='ocr_line' id='line_1_15' title="bbox 327 1891 1280 1977; baseline 0.001 -20"><span class='ocrx_word' id='word_1_104' title='bbox 327 1915 422 1977; x_wconf 90' lang='lat' dir='ltr'>super</span> <span class='ocrx_word' id='word_1_105' title='bbox 438 1892 616 1955; x_wconf 90' lang='lat' dir='ltr'>Dominum</span> <span class='ocrx_word' id='word_1_106' title='bbox 639 1912 747 1955; x_wconf 87' lang='lat' dir='ltr'>curam</span> <span class='ocrx_word' id='word_1_107' title='bbox 766 1902 854 1954; x_wconf 85' lang='lat' dir='ltr'>tuam</span> <span class='ocrx_word' id='word_1_108' title='bbox 875 1903 907 1953; x_wconf 90' lang='lat' dir='ltr'>et</span> <span class='ocrx_word' id='word_1_109' title='bbox 925 1891 996 1975; x_wconf 92' lang='lat' dir='ltr'>ipse</span> <span class='ocrx_word' id='word_1_110' title='bbox 1012 1901 1043 1956; x_wconf 93' lang='lat' dir='ltr'>te</span> <span class='ocrx_word' id='word_1_111' title='bbox 1059 1891 1206 1971; x_wconf 89' lang='lat' dir='ltr'>enutriet,</span> <span class='ocrx_word' id='word_1_112' title='bbox 1220 1915 1280 1958; x_wconf 90' lang='lat' dir='ltr'>nec</span> 
     </span>
     <span class='ocr_line' id='line_1_16' title="bbox 328 1978 1283 2077; baseline 0 -20"><span class='ocrx_word' id='word_1_113' title='bbox 328 2015 427 2077; x_wconf 90' lang='lat' dir='ltr'>quum</span> <span class='ocrx_word' id='word_1_114' title='bbox 464 1993 630 2070; x_wconf 75' lang='lat' dir='ltr'>cecideriS,</span> <span class='ocrx_word' id='word_1_115' title='bbox 661 1992 834 2070; x_wconf 87' lang='lat' dir='ltr'>collideris,</span> <span class='ocrx_word' id='word_1_116' title='bbox 864 1991 940 2055; x_wconf 90' lang='lat' dir='ltr'>dum</span> <span class='ocrx_word' id='word_1_117' title='bbox 973 1993 1044 2077; x_wconf 92' lang='lat' dir='ltr'>ipse</span> <span class='ocrx_word' id='word_1_118' title='bbox 1077 1978 1283 2077; x_wconf 87' lang='lat' dir='ltr'>supposuerit</span> 
     </span>
     <span class='ocr_line' id='line_1_17' title="bbox 327 2093 1280 2174; baseline -0.001 -16"><span class='ocrx_word' id='word_1_119' title='bbox 327 2116 456 2158; x_wconf 92' lang='lat' dir='ltr'>manum</span> <span class='ocrx_word' id='word_1_120' title='bbox 481 2114 580 2155; x_wconf 90' lang='lat' dir='ltr'>suam.</span> <span class='ocrx_word' id='word_1_121' title='bbox 626 2093 679 2155; x_wconf 92' lang='lat' dir='ltr'>Ne</span> <span class='ocrx_word' id='word_1_122' title='bbox 701 2093 837 2174; x_wconf 87' lang='lat' dir='ltr'>graveris</span> <span class='ocrx_word' id='word_1_123' title='bbox 860 2114 935 2174; x_wconf 85' lang='lat' dir='ltr'>ergo</span> <span class='ocrx_word' id='word_1_124' title='bbox 951 2095 1010 2157; x_wconf 92' lang='lat' dir='ltr'>sub</span> <span class='ocrx_word' id='word_1_125' title='bbox 1027 2115 1123 2157; x_wconf 91' lang='lat' dir='ltr'>onere</span> <span class='ocrx_word' id='word_1_126' title='bbox 1141 2095 1201 2158; x_wconf 88' lang='lat' dir='ltr'>tibi</span> <span class='ocrx_word' id='word_1_127' title='bbox 1220 2096 1280 2157; x_wconf 93' lang='lat' dir='ltr'>im-</span> 
     </span>
     <span class='ocr_line' id='line_1_18' title="bbox 326 2194 1280 2280; baseline 0.001 -22"><span class='ocrx_word' id='word_1_128' title='bbox 326 2195 444 2280; x_wconf 90' lang='lat' dir='ltr'>posit0,</span> <span class='ocrx_word' id='word_1_129' title='bbox 471 2194 548 2257; x_wconf 89' lang='lat' dir='ltr'>dum</span> <span class='ocrx_word' id='word_1_130' title='bbox 579 2195 790 2258; x_wconf 81' lang='lat' dir='ltr'>ambulaveris</span> <span class='ocrx_word' id='word_1_131' title='bbox 813 2195 846 2256; x_wconf 89' lang='lat' dir='ltr'>in</span> <span class='ocrx_word' id='word_1_132' title='bbox 874 2194 988 2258; x_wconf 88' lang='lat' dir='ltr'>semita</span> <span class='ocrx_word' id='word_1_133' title='bbox 1016 2207 1115 2274; x_wconf 86' lang='lat' dir='ltr'>recta,</span> <span class='ocrx_word' id='word_1_134' title='bbox 1141 2197 1217 2280; x_wconf 85' lang='lat' dir='ltr'>quia</span> <span class='ocrx_word' id='word_1_135' title='bbox 1245 2196 1280 2258; x_wconf 94' lang='lat' dir='ltr'>in</span> 
     </span>
     <span class='ocr_line' id='line_1_19' title="bbox 327 2297 1277 2383; baseline -0.003 -22"><span class='ocrx_word' id='word_1_136' title='bbox 327 2309 479 2362; x_wconf 88' lang='lat' dir='ltr'>aetemum</span> <span class='ocrx_word' id='word_1_137' title='bbox 507 2319 573 2360; x_wconf 90' lang='lat' dir='ltr'>non</span> <span class='ocrx_word' id='word_1_138' title='bbox 604 2297 694 2360; x_wconf 89' lang='lat' dir='ltr'>dabit</span> <span class='ocrx_word' id='word_1_139' title='bbox 724 2298 885 2360; x_wconf 91' lang='lat' dir='ltr'>Dominus</span> <span class='ocrx_word' id='word_1_140' title='bbox 914 2297 1155 2361; x_wconf 82' lang='lat' dir='ltr'>fluctuationem</span> <span class='ocrx_word' id='word_1_141' title='bbox 1175 2298 1277 2383; x_wconf 89' lang='lat' dir='ltr'>justo.</span> 
     </span>
     <span class='ocr_line' id='line_1_20' title="bbox 326 2398 1280 2481; baseline 0.003 -19"><span class='ocrx_word' id='word_1_142' title='bbox 326 2399 418 2462; x_wconf 86' lang='lat' dir='ltr'>Rada</span> <span class='ocrx_word' id='word_1_143' title='bbox 440 2400 550 2481; x_wconf 84' lang='lat' dir='ltr'>itaque</span> <span class='ocrx_word' id='word_1_144' title='bbox 573 2398 740 2461; x_wconf 83' lang='lat' dir='ltr'>mordaces</span> <span class='ocrx_word' id='word_1_145' title='bbox 762 2400 944 2463; x_wconf 87' lang='lat' dir='ltr'>mortalium</span> <span class='ocrx_word' id='word_1_146' title='bbox 967 2420 1059 2463; x_wconf 89' lang='lat' dir='ltr'>curas</span> <span class='ocrx_word' id='word_1_147' title='bbox 1077 2421 1150 2463; x_wconf 90' lang='lat' dir='ltr'>oum</span> <span class='ocrx_word' id='word_1_148' title='bbox 1172 2423 1280 2465; x_wconf 91' lang='lat' dir='ltr'>earum</span> 
     </span>
     <span class='ocr_line' id='line_1_21' title="bbox 325 2499 1282 2576; baseline 0.004 -14"><span class='ocrx_word' id='word_1_149' title='bbox 325 2510 424 2563; x_wconf 86' lang='lat' dir='ltr'>matra</span> <span class='ocrx_word' id='word_1_150' title='bbox 451 2499 625 2562; x_wconf 88' lang='lat' dir='ltr'>ambitione</span> <span class='ocrx_word' id='word_1_151' title='bbox 656 2500 706 2560; x_wconf 94' lang='lat' dir='ltr'>vel</span> <span class='ocrx_word' id='word_1_152' title='bbox 736 2500 879 2576; x_wconf 88' lang='lat' dir='ltr'>avaritia,</span> <span class='ocrx_word' id='word_1_153' title='bbox 902 2513 933 2563; x_wconf 89' lang='lat' dir='ltr'>et</span> <span class='ocrx_word' id='word_1_154' title='bbox 957 2522 998 2563; x_wconf 92' lang='lat' dir='ltr'>ne</span> <span class='ocrx_word' id='word_1_155' title='bbox 1024 2500 1151 2565; x_wconf 87' lang='lat' dir='ltr'>dederis</span> <span class='ocrx_word' id='word_1_156' title='bbox 1172 2505 1282 2566; x_wconf 86' lang='lat' dir='ltr'>locum</span> 
     </span>
     <span class='ocr_line' id='line_1_22' title="bbox 326 2600 1282 2690; baseline 0.003 -25"><span class='ocrx_word' id='word_1_157' title='bbox 326 2603 421 2666; x_wconf 88' lang='lat' dir='ltr'>tineae</span> <span class='ocrx_word' id='word_1_158' title='bbox 437 2601 488 2663; x_wconf 80' lang='lat' dir='ltr'>vel</span> <span class='ocrx_word' id='word_1_159' title='bbox 512 2600 645 2680; x_wconf 86' lang='lat' dir='ltr'>aerugini</span> <span class='ocrx_word' id='word_1_160' title='bbox 661 2602 694 2662; x_wconf 91' lang='lat' dir='ltr'>in</span> <span class='ocrx_word' id='word_1_161' title='bbox 716 2621 790 2664; x_wconf 90' lang='lat' dir='ltr'>arca</span> <span class='ocrx_word' id='word_1_162' title='bbox 813 2603 1018 2667; x_wconf 76' lang='lat' dir='ltr'>conscientia</span> <span class='ocrx_word' id='word_1_163' title='bbox 1033 2615 1107 2681; x_wconf 82' lang='lat' dir='ltr'>tuae,</span> <span class='ocrx_word' id='word_1_164' title='bbox 1121 2616 1154 2670; x_wconf 88' lang='lat' dir='ltr'>et</span> <span class='ocrx_word' id='word_1_165' title='bbox 1167 2627 1282 2690; x_wconf 91' lang='lat' dir='ltr'>parum</span> 
     </span>
     <span class='ocr_line' id='line_1_23' title="bbox 327 2702 1281 2792; baseline 0.005 -26"><span class='ocrx_word' id='word_1_166' title='bbox 327 2705 534 2788; x_wconf 89' lang='lat' dir='ltr'>pertimescas</span> <span class='ocrx_word' id='word_1_167' title='bbox 555 2723 596 2765; x_wconf 90' lang='lat' dir='ltr'>ne</span> <span class='ocrx_word' id='word_1_168' title='bbox 620 2702 704 2766; x_wconf 85' lang='lat' dir='ltr'>sures</span> <span class='ocrx_word' id='word_1_169' title='bbox 726 2703 851 2768; x_wconf 83' lang='lat' dir='ltr'>fodiant</span> <span class='ocrx_word' id='word_1_170' title='bbox 869 2707 921 2767; x_wconf 84' lang='lat' dir='ltr'>vel</span> <span class='ocrx_word' id='word_1_171' title='bbox 943 2705 1084 2770; x_wconf 85' lang='lat' dir='ltr'>furentur</span> <span class='ocrx_word' id='word_1_172' title='bbox 1099 2707 1281 2792; x_wconf 89' lang='lat' dir='ltr'>depositum</span> 
     </span>
     <span class='ocr_line' id='line_1_24' title="bbox 327 2806 1281 2890; baseline 0.004 -21"><span class='ocrx_word' id='word_1_173' title='bbox 327 2807 386 2870; x_wconf 91' lang='lat' dir='ltr'>tibi</span> <span class='ocrx_word' id='word_1_174' title='bbox 401 2806 549 2890; x_wconf 86' lang='lat' dir='ltr'>repositae</span> <span class='ocrx_word' id='word_1_175' title='bbox 565 2827 703 2882; x_wconf 85' lang='lat' dir='ltr'>coronae,</span> <span class='ocrx_word' id='word_1_176' title='bbox 719 2807 795 2888; x_wconf 90' lang='lat' dir='ltr'>quia</span> <span class='ocrx_word' id='word_1_177' title='bbox 814 2828 880 2870; x_wconf 91' lang='lat' dir='ltr'>non</span> <span class='ocrx_word' id='word_1_178' title='bbox 901 2808 1035 2872; x_wconf 89' lang='lat' dir='ltr'>accedet</span> <span class='ocrx_word' id='word_1_179' title='bbox 1049 2809 1091 2872; x_wconf 95' lang='lat' dir='ltr'>ad</span> <span class='ocrx_word' id='word_1_180' title='bbox 1107 2817 1138 2872; x_wconf 92' lang='lat' dir='ltr'>te</span> <span class='ocrx_word' id='word_1_181' title='bbox 1152 2812 1281 2889; x_wconf 91' lang='lat' dir='ltr'>malum,</span> 
     </span>
     <span class='ocr_line' id='line_1_25' title="bbox 327 2907 1280 2993; baseline 0.003 -22"><span class='ocrx_word' id='word_1_182' title='bbox 327 2931 426 2993; x_wconf 92' lang='lat' dir='ltr'>quum</span> <span class='ocrx_word' id='word_1_183' title='bbox 448 2907 533 2992; x_wconf 91' lang='lat' dir='ltr'>apud</span> <span class='ocrx_word' id='word_1_184' title='bbox 549 2907 747 2970; x_wconf 86' lang='lat' dir='ltr'>Altissimum</span> <span class='ocrx_word' id='word_1_185' title='bbox 762 2908 857 2970; x_wconf 84' lang='lat' dir='ltr'>fuerit</span> <span class='ocrx_word' id='word_1_186' title='bbox 880 2909 1035 2990; x_wconf 83' lang='lat' dir='ltr'>refugium</span> <span class='ocrx_word' id='word_1_187' title='bbox 1049 2919 1151 2972; x_wconf 90' lang='lat' dir='ltr'>tuum.</span> <span class='ocrx_word' id='word_1_188' title='bbox 1197 2913 1280 2974; x_wconf 86' lang='lat' dir='ltr'>Haec</span> 
     </span>
     <span class='ocr_line' id='line_1_26' title="bbox 326 2987 1281 3093; baseline 0 -20"><span class='ocrx_word' id='word_1_189' title='bbox 326 3022 432 3074; x_wconf 86' lang='lat' dir='ltr'>tecum</span> <span class='ocrx_word' id='word_1_190' title='bbox 460 3011 592 3092; x_wconf 89' lang='lat' dir='ltr'>loquere</span> <span class='ocrx_word' id='word_1_191' title='bbox 621 3019 655 3070; x_wconf 86' lang='lat' dir='ltr'>et</span> <span class='ocrx_word' id='word_1_192' title='bbox 683 3007 725 3070; x_wconf 91' lang='lat' dir='ltr'>ad</span> <span class='ocrx_word' id='word_1_193' title='bbox 755 3009 825 3071; x_wconf 84' lang='lat' dir='ltr'>haec</span> <span class='ocrx_word' id='word_1_194' title='bbox 856 3021 887 3071; x_wconf 90' lang='lat' dir='ltr'>te</span> <span class='ocrx_word' id='word_1_195' title='bbox 916 3011 1022 3093; x_wconf 92' lang='lat' dir='ltr'>ipsum</span> <span class='ocrx_word' id='word_1_196' title='bbox 1049 2987 1218 3073; x_wconf 84' lang='lat' dir='ltr'>exhbrtare</span> <span class='ocrx_word' id='word_1_197' title='bbox 1245 3013 1281 3073; x_wconf 92' lang='lat' dir='ltr'>in</span> 
     </span>
     <span class='ocr_line' id='line_1_27' title="bbox 327 3110 1283 3192; baseline 0 -18"><span class='ocrx_word' id='word_1_198' title='bbox 327 3110 456 3174; x_wconf 85' lang='lat' dir='ltr'>Christo</span> <span class='ocrx_word' id='word_1_199' title='bbox 477 3111 568 3186; x_wconf 92' lang='lat' dir='ltr'>Jesu‚</span> <span class='ocrx_word' id='word_1_200' title='bbox 592 3129 655 3191; x_wconf 92' lang='lat' dir='ltr'>quo</span> <span class='ocrx_word' id='word_1_201' title='bbox 681 3117 810 3171; x_wconf 89' lang='lat' dir='ltr'>auctore</span> <span class='ocrx_word' id='word_1_202' title='bbox 834 3119 866 3171; x_wconf 90' lang='lat' dir='ltr'>et</span> <span class='ocrx_word' id='word_1_203' title='bbox 889 3120 969 3173; x_wconf 88' lang='lat' dir='ltr'>teste</span> <span class='ocrx_word' id='word_1_204' title='bbox 992 3111 1026 3173; x_wconf 90' lang='lat' dir='ltr'>in</span> <span class='ocrx_word' id='word_1_205' title='bbox 1053 3111 1205 3192; x_wconf 89' lang='lat' dir='ltr'>patientia</span> <span class='ocrx_word' id='word_1_206' title='bbox 1227 3121 1283 3174; x_wconf 85' lang='lat' dir='ltr'>tua</span> 
     </span>
     <span class='ocr_line' id='line_1_28' title="bbox 327 3208 1283 3295; baseline 0.005 -25"><span class='ocrx_word' id='word_1_207' title='bbox 327 3208 509 3293; x_wconf 88' lang='lat' dir='ltr'>possidebis</span> <span class='ocrx_word' id='word_1_208' title='bbox 531 3209 671 3271; x_wconf 91' lang='lat' dir='ltr'>animam</span> <span class='ocrx_word' id='word_1_209' title='bbox 693 3219 790 3271; x_wconf 86' lang='lat' dir='ltr'>tuam.</span> <span class='ocrx_word' id='word_1_210' title='bbox 826 3211 941 3273; x_wconf 89' lang='lat' dir='ltr'>Amen.</span> <span class='ocrx_word' id='word_1_211' title='bbox 986 3211 1137 3295; x_wconf 88' lang='lat' dir='ltr'>Denique</span> <span class='ocrx_word' id='word_1_212' title='bbox 1152 3233 1283 3294; x_wconf 87' lang='lat' dir='ltr'>sugges-</span> 
     </span>
     <span class='ocr_line' id='line_1_29' title="bbox 329 3309 1283 3397; baseline 0.001 -22"><span class='ocrx_word' id='word_1_213' title='bbox 329 3312 448 3375; x_wconf 89' lang='lat' dir='ltr'>tionem</span> <span class='ocrx_word' id='word_1_214' title='bbox 468 3309 561 3371; x_wconf 88' lang='lat' dir='ltr'>istam</span> <span class='ocrx_word' id='word_1_215' title='bbox 584 3330 648 3370; x_wconf 92' lang='lat' dir='ltr'>non</span> <span class='ocrx_word' id='word_1_216' title='bbox 673 3321 736 3373; x_wconf 89' lang='lat' dir='ltr'>tam</span> <span class='ocrx_word' id='word_1_217' title='bbox 759 3310 799 3374; x_wconf 92' lang='lat' dir='ltr'>ad</span> <span class='ocrx_word' id='word_1_218' title='bbox 823 3310 1001 3375; x_wconf 88' lang='lat' dir='ltr'>doctrinam</span> <span class='ocrx_word' id='word_1_219' title='bbox 1022 3334 1120 3397; x_wconf 85' lang='lat' dir='ltr'>quam</span> <span class='ocrx_word' id='word_1_220' title='bbox 1143 3313 1184 3376; x_wconf 90' lang='lat' dir='ltr'>ad</span> <span class='ocrx_word' id='word_1_221' title='bbox 1206 3315 1283 3376; x_wconf 87' lang='lat' dir='ltr'>utri·</span> 
     </span>
     <span class='ocr_line' id='line_1_30' title="bbox 328 3413 1284 3498; baseline 0.002 -22"><span class='ocrx_word' id='word_1_222' title='bbox 328 3434 431 3497; x_wconf 88' lang='lat' dir='ltr'>usque</span> <span class='ocrx_word' id='word_1_223' title='bbox 461 3419 605 3474; x_wconf 90' lang='lat' dir='ltr'>nostrum</span> <span class='ocrx_word' id='word_1_224' title='bbox 635 3413 887 3476; x_wconf 86' lang='lat' dir='ltr'>consolationem</span> <span class='ocrx_word' id='word_1_225' title='bbox 924 3426 1070 3498; x_wconf 85' lang='lat' dir='ltr'>spectare</span> <span class='ocrx_word' id='word_1_226' title='bbox 1100 3414 1284 3492; x_wconf 88' lang='lat' dir='ltr'>credideris,</span> 
     </span>
     <span class='ocr_line' id='line_1_31' title="bbox 330 3511 1283 3599; baseline 0.001 -23"><span class='ocrx_word' id='word_1_227' title='bbox 330 3534 429 3599; x_wconf 91' lang='lat' dir='ltr'>quum</span> <span class='ocrx_word' id='word_1_228' title='bbox 456 3533 521 3589; x_wconf 89' lang='lat' dir='ltr'>eas,</span> <span class='ocrx_word' id='word_1_229' title='bbox 548 3534 627 3597; x_wconf 90' lang='lat' dir='ltr'>quas</span> <span class='ocrx_word' id='word_1_230' title='bbox 653 3511 694 3576; x_wconf 88' lang='lat' dir='ltr'>de</span> <span class='ocrx_word' id='word_1_231' title='bbox 724 3514 886 3598; x_wconf 90' lang='lat' dir='ltr'>utriusque</span> <span class='ocrx_word' id='word_1_232' title='bbox 913 3526 1057 3579; x_wconf 89' lang='lat' dir='ltr'>nostrum</span> <span class='ocrx_word' id='word_1_233' title='bbox 1087 3527 1172 3579; x_wconf 85' lang='lat' dir='ltr'>sorte</span> <span class='ocrx_word' id='word_1_234' title='bbox 1197 3515 1283 3578; x_wconf 87' lang='lat' dir='ltr'>intus</span> 
     </span>
     <span class='ocr_line' id='line_1_32' title="bbox 328 3615 1284 3701; baseline 0 -21"><span class='ocrx_word' id='word_1_235' title='bbox 328 3617 430 3701; x_wconf 89' lang='lat' dir='ltr'>patior</span> <span class='ocrx_word' id='word_1_236' title='bbox 445 3615 543 3679; x_wconf 91' lang='lat' dir='ltr'>animi</span> <span class='ocrx_word' id='word_1_237' title='bbox 560 3616 732 3698; x_wconf 62' lang='lat' dir='ltr'>angustias</span> <span class='ocrx_word' id='word_1_238' title='bbox 746 3616 841 3680; x_wconf 90' lang='lat' dir='ltr'>unico</span> <span class='ocrx_word' id='word_1_239' title='bbox 856 3618 959 3681; x_wconf 91' lang='lat' dir='ltr'>amico</span> <span class='ocrx_word' id='word_1_240' title='bbox 975 3620 1216 3682; x_wconf 89' lang='lat' dir='ltr'>communicans</span> <span class='ocrx_word' id='word_1_241' title='bbox 1231 3619 1284 3680; x_wconf 83' lang='lat' dir='ltr'>rel</span> 
     </span>
     <span class='ocr_line' id='line_1_33' title="bbox 328 3718 1285 3803; baseline -0.001 -20"><span class='ocrx_word' id='word_1_242' title='bbox 328 3742 370 3783; x_wconf 85' lang='lat' dir='ltr'>ex</span> <span class='ocrx_word' id='word_1_243' title='bbox 393 3730 482 3802; x_wconf 89' lang='lat' dir='ltr'>parte</span> <span class='ocrx_word' id='word_1_244' title='bbox 505 3719 626 3802; x_wconf 88' lang='lat' dir='ltr'>possim</span> <span class='ocrx_word' id='word_1_245' title='bbox 649 3718 792 3782; x_wconf 87' lang='lat' dir='ltr'>securius</span> <span class='ocrx_word' id='word_1_246' title='bbox 815 3731 968 3796; x_wconf 87' lang='lat' dir='ltr'>eructare,</span> <span class='ocrx_word' id='word_1_247' title='bbox 994 3741 1035 3784; x_wconf 91' lang='lat' dir='ltr'>ne</span> <span class='ocrx_word' id='word_1_248' title='bbox 1062 3721 1090 3784; x_wconf 88' lang='lat' dir='ltr'>si</span> <span class='ocrx_word' id='word_1_249' title='bbox 1113 3741 1285 3803; x_wconf 87' lang='lat' dir='ltr'>suppressa</span> 
     </span>
     <span class='ocr_line' id='line_1_34' title="bbox 328 3819 1283 3902; baseline -0.001 -17"><span class='ocrx_word' id='word_1_250' title='bbox 328 3823 421 3885; x_wconf 85' lang='lat' dir='ltr'>fauce</span> <span class='ocrx_word' id='word_1_251' title='bbox 437 3822 477 3884; x_wconf 86' lang='lat' dir='ltr'>ab</span> <span class='ocrx_word' id='word_1_252' title='bbox 492 3819 680 3902; x_wconf 88' lang='lat' dir='ltr'>hujusmodi</span> <span class='ocrx_word' id='word_1_253' title='bbox 695 3819 904 3881; x_wconf 86' lang='lat' dir='ltr'>amaritudine</span> <span class='ocrx_word' id='word_1_254' title='bbox 925 3819 1062 3902; x_wconf 90' lang='lat' dir='ltr'>amplius</span> <span class='ocrx_word' id='word_1_255' title='bbox 1082 3820 1283 3898; x_wconf 86' lang='lat' dir='ltr'>intumescat,</span> 
     </span>
     <span class='ocr_line' id='line_1_35' title="bbox 328 3922 1285 4006; baseline -0.002 -19"><span class='ocrx_word' id='word_1_256' title='bbox 328 3925 527 4006; x_wconf 90' lang='lat' dir='ltr'>dirumpatur</span> <span class='ocrx_word' id='word_1_257' title='bbox 550 3922 590 3986; x_wconf 91' lang='lat' dir='ltr'>ab</span> <span class='ocrx_word' id='word_1_258' title='bbox 613 3922 663 3985; x_wconf 90' lang='lat' dir='ltr'>his</span> <span class='ocrx_word' id='word_1_259' title='bbox 694 3922 812 4005; x_wconf 89' lang='lat' dir='ltr'>quibus</span> <span class='ocrx_word' id='word_1_260' title='bbox 835 3922 1073 4001; x_wconf 87' lang='lat' dir='ltr'>conglutinatus</span> <span class='ocrx_word' id='word_1_261' title='bbox 1103 3935 1152 3984; x_wconf 92' lang='lat' dir='ltr'>est</span> <span class='ocrx_word' id='word_1_262' title='bbox 1175 3933 1285 3985; x_wconf 82' lang='lat' dir='ltr'>venter</span> 
     </span>
     <span class='ocr_line' id='line_1_36' title="bbox 328 4023 1284 4105; baseline -0.003 -15"><span class='ocrx_word' id='word_1_263' title='bbox 328 4049 427 4090; x_wconf 87' lang='lat' dir='ltr'>meus.</span> <span class='ocrx_word' id='word_1_264' title='bbox 472 4025 598 4089; x_wconf 86' lang='lat' dir='ltr'>Idcirco</span> <span class='ocrx_word' id='word_1_265' title='bbox 614 4025 673 4087; x_wconf 91' lang='lat' dir='ltr'>tibi</span> <span class='ocrx_word' id='word_1_266' title='bbox 689 4023 840 4104; x_wconf 87' lang='lat' dir='ltr'>singulari</span> <span class='ocrx_word' id='word_1_267' title='bbox 854 4023 958 4086; x_wconf 93' lang='lat' dir='ltr'>amico</span> <span class='ocrx_word' id='word_1_268' title='bbox 974 4044 1034 4105; x_wconf 89' lang='lat' dir='ltr'>ego</span> <span class='ocrx_word' id='word_1_269' title='bbox 1049 4035 1122 4087; x_wconf 90' lang='lat' dir='ltr'>tuus</span> <span class='ocrx_word' id='word_1_270' title='bbox 1138 4036 1174 4087; x_wconf 90' lang='lat' dir='ltr'>ut</span> <span class='ocrx_word' id='word_1_271' title='bbox 1188 4024 1284 4089; x_wconf 90' lang='lat' dir='ltr'>credo</span> 
     </span>
    </p>
   </div>
   <div class='ocr_carea' id='block_1_3' title="bbox 0 0 1442 4598">
    <p class='ocr_par' dir='ltr' id='par_1_3' title="bbox 0 0 1442 4598">
     <span class='ocr_line' id='line_1_37' title="bbox 0 0 1442 4598; baseline 0 0"><span class='ocrx_word' id='word_1_272' title='bbox 0 0 1442 4598; x_wconf 95' lang='lat' dir='ltr'> </span> 
     </span>
    </p>
   </div>
  </div>
 </body>
</html>
