<?xml version="1.0" encoding="UTF-8"?>
<!DOCTYPE html PUBLIC "-//W3C//DTD XHTML 1.0 Transitional//EN"
    "http://www.w3.org/TR/xhtml1/DTD/xhtml1-transitional.dtd">
<html xmlns="http://www.w3.org/1999/xhtml" xml:lang="en" lang="en">
 <head>
  <title>
</title>
<meta http-equiv="Content-Type" content="text/html;charset=utf-8" />
  <meta name='ocr-system' content='tesseract 3.04.00' />
  <meta name='ocr-capabilities' content='ocr_page ocr_carea ocr_par ocr_line ocrx_word'/>
</head>
<body>
  <div class='ocr_page' id='page_1' title='image "./alaniprioriscan00allagoog_0063.png"; bbox 0 0 2864 4598; ppageno 0'>
   <div class='ocr_carea' id='block_1_1' title="bbox 235 401 763 459">
    <p class='ocr_par' dir='ltr' id='par_1_1' title="bbox 235 401 763 459">
     <span class='ocr_line' id='line_1_1' title="bbox 235 401 763 459; baseline 0.004 -3"><span class='ocrx_word' id='word_1_1' title='bbox 235 401 276 458; x_wconf 75' lang='lat' dir='ltr'><strong>ts</strong></span> <span class='ocrx_word' id='word_1_2' title='bbox 664 411 763 459; x_wconf 73' lang='lat' dir='ltr'><strong>stant</strong></span> 
     </span>
    </p>
   </div>
   <div class='ocr_carea' id='block_1_2' title="bbox 235 543 1192 1256">
    <p class='ocr_par' dir='ltr' id='par_1_2' title="bbox 235 543 1192 1256">
     <span class='ocr_line' id='line_1_2' title="bbox 236 543 1190 640; baseline -0.003 -17"><span class='ocrx_word' id='word_1_3' title='bbox 236 559 377 624; x_wconf 88' lang='lat' dir='ltr'><strong>tionibus</strong></span> <span class='ocrx_word' id='word_1_4' title='bbox 402 559 585 620; x_wconf 83' lang='lat' dir='ltr'><strong>alterutrum</strong></span> <span class='ocrx_word' id='word_1_5' title='bbox 610 558 795 620; x_wconf 85' lang='lat' dir='ltr'><strong>confortare.</strong></span> <span class='ocrx_word' id='word_1_6' title='bbox 849 543 1011 622; x_wconf 86' lang='lat' dir='ltr'><strong>Salutatus</strong></span> <span class='ocrx_word' id='word_1_7' title='bbox 1037 579 1079 621; x_wconf 83' lang='lat' dir='ltr'><strong>ex</strong></span> <span class='ocrx_word' id='word_1_8' title='bbox 1102 567 1190 640; x_wconf 82' lang='lat' dir='ltr'><strong>parte</strong></span> 
     </span>
     <span class='ocr_line' id='line_1_3' title="bbox 235 659 1192 744; baseline -0.001 -21"><span class='ocrx_word' id='word_1_9' title='bbox 235 671 337 724; x_wconf 90' lang='lat' dir='ltr'><strong>vestra</strong></span> <span class='ocrx_word' id='word_1_10' title='bbox 363 659 512 722; x_wconf 90' lang='lat' dir='ltr'><strong>dominus</strong></span> <span class='ocrx_word' id='word_1_11' title='bbox 538 680 629 721; x_wconf 89' lang='lat' dir='ltr'><strong>meus</strong></span> <span class='ocrx_word' id='word_1_12' title='bbox 656 659 888 723; x_wconf 90' lang='lat' dir='ltr'><strong>Wintoniensis</strong></span> <span class='ocrx_word' id='word_1_13' title='bbox 911 683 968 724; x_wconf 91' lang='lat' dir='ltr'><strong>vos</strong></span> <span class='ocrx_word' id='word_1_14' title='bbox 997 681 1056 744; x_wconf 89' lang='lat' dir='ltr'><strong>per</strong></span> <span class='ocrx_word' id='word_1_15' title='bbox 1080 682 1132 723; x_wconf 89' lang='lat' dir='ltr'><strong>me</strong></span> <span class='ocrx_word' id='word_1_16' title='bbox 1156 669 1192 722; x_wconf 89' lang='lat' dir='ltr'><strong>ut</strong></span> 
     </span>
     <span class='ocr_line' id='line_1_4' title="bbox 235 759 1191 845; baseline -0.004 -18"><span class='ocrx_word' id='word_1_17' title='bbox 235 785 328 827; x_wconf 91' lang='lat' dir='ltr'><strong>suum</strong></span> <span class='ocrx_word' id='word_1_18' title='bbox 351 759 591 826; x_wconf 87' lang='lat' dir='ltr'><strong>dilectissimum</strong></span> <span class='ocrx_word' id='word_1_19' title='bbox 607 762 768 834; x_wconf 79' lang='lat' dir='ltr'><strong>resalutat,</strong></span> <span class='ocrx_word' id='word_1_20' title='bbox 783 781 879 845; x_wconf 85' lang='lat' dir='ltr'><strong>quem</strong></span> <span class='ocrx_word' id='word_1_21' title='bbox 894 763 1045 826; x_wconf 88' lang='lat' dir='ltr'><strong>noveritis</strong></span> <span class='ocrx_word' id='word_1_22' title='bbox 1061 773 1191 826; x_wconf 89' lang='lat' dir='ltr'><strong>auctore</strong></span> 
     </span>
     <span class='ocr_line' id='line_1_5' title="bbox 237 864 1192 959; baseline 0.001 -32"><span class='ocrx_word' id='word_1_23' title='bbox 237 867 308 928; x_wconf 88' lang='lat' dir='ltr'><strong>Deo</strong></span> <span class='ocrx_word' id='word_1_24' title='bbox 324 864 430 950; x_wconf 86' lang='lat' dir='ltr'><strong>quoad</strong></span> <span class='ocrx_word' id='word_1_25' title='bbox 443 865 576 959; x_wconf 77' lang='lat' dir='ltr'><strong>salutem</strong></span> <span class='ocrx_word' id='word_1_26' title='bbox 593 865 709 928; x_wconf 71' lang='lat' dir='ltr'><strong>animat</strong></span> <span class='ocrx_word' id='word_1_27' title='bbox 724 875 757 929; x_wconf 89' lang='lat' dir='ltr'><strong>et</strong></span> <span class='ocrx_word' id='word_1_28' title='bbox 772 864 914 947; x_wconf 88' lang='lat' dir='ltr'><strong>corporis</strong></span> <span class='ocrx_word' id='word_1_29' title='bbox 935 865 1136 929; x_wconf 87' lang='lat' dir='ltr'><strong>melioratum</strong></span> <span class='ocrx_word' id='word_1_30' title='bbox 1159 874 1192 928; x_wconf 86' lang='lat' dir='ltr'><strong>et</strong></span> 
     </span>
     <span class='ocr_line' id='line_1_6' title="bbox 236 965 1191 1049; baseline -0.006 -17"><span class='ocrx_word' id='word_1_31' title='bbox 236 968 459 1045; x_wconf 85' lang='lat' dir='ltr'><strong>confortatum,</strong></span> <span class='ocrx_word' id='word_1_32' title='bbox 485 967 576 1030; x_wconf 88' lang='lat' dir='ltr'><strong>etin</strong></span> <span class='ocrx_word' id='word_1_33' title='bbox 602 988 727 1029; x_wconf 89' lang='lat' dir='ltr'><strong>summo</strong></span> <span class='ocrx_word' id='word_1_34' title='bbox 753 967 894 1049; x_wconf 87' lang='lat' dir='ltr'><strong>positum</strong></span> <span class='ocrx_word' id='word_1_35' title='bbox 917 967 1076 1030; x_wconf 88' lang='lat' dir='ltr'><strong>desiderio</strong></span> <span class='ocrx_word' id='word_1_36' title='bbox 1102 965 1191 1028; x_wconf 87' lang='lat' dir='ltr'><strong>beati</strong></span> 
     </span>
     <span class='ocr_line' id='line_1_7' title="bbox 236 1067 1188 1153; baseline -0.003 -20"><span class='ocrx_word' id='word_1_37' title='bbox 236 1071 372 1134; x_wconf 84' lang='lat' dir='ltr'><strong>Thomae</strong></span> <span class='ocrx_word' id='word_1_38' title='bbox 396 1069 542 1153; x_wconf 89' lang='lat' dir='ltr'><strong>martyris</strong></span> <span class='ocrx_word' id='word_1_39' title='bbox 556 1069 650 1133; x_wconf 80' lang='lat' dir='ltr'><strong>vestri</strong></span> <span class='ocrx_word' id='word_1_40' title='bbox 670 1068 811 1131; x_wconf 89' lang='lat' dir='ltr'><strong>adeundi</strong></span> <span class='ocrx_word' id='word_1_41' title='bbox 831 1070 1027 1133; x_wconf 82' lang='lat' dir='ltr'><strong>memoriam.</strong></span> <span class='ocrx_word' id='word_1_42' title='bbox 1074 1067 1188 1131; x_wconf 87' lang='lat' dir='ltr'><strong>Valete</strong></span> 
     </span>
     <span class='ocr_line' id='line_1_8' title="bbox 236 1170 577 1256; baseline -0.006 -21"><span class='ocrx_word' id='word_1_43' title='bbox 236 1193 361 1256; x_wconf 86' lang='lat' dir='ltr'><strong>semper</strong></span> <span class='ocrx_word' id='word_1_44' title='bbox 376 1172 410 1234; x_wconf 94' lang='lat' dir='ltr'><strong>in</strong></span> <span class='ocrx_word' id='word_1_45' title='bbox 425 1170 577 1234; x_wconf 89' lang='lat' dir='ltr'><strong>Domino.</strong></span> 
     </span>
    </p>
   </div>
   <div class='ocr_carea' id='block_1_3' title="bbox 572 1592 858 1658">
    <p class='ocr_par' dir='ltr' id='par_1_3' title="bbox 572 1592 858 1658">
     <span class='ocr_line' id='line_1_9' title="bbox 572 1592 858 1658; baseline -0.017 0"><span class='ocrx_word' id='word_1_46' title='bbox 572 1595 795 1658; x_wconf 86' lang='lat' dir='ltr'><strong>EPISTOLA</strong></span> <span class='ocrx_word' id='word_1_47' title='bbox 816 1592 858 1654; x_wconf 90' lang='lat' dir='ltr'><strong>X.</strong></span> 
     </span>
    </p>
   </div>
   <div class='ocr_carea' id='block_1_4' title="bbox 464 1825 963 1874">
    <p class='ocr_par' dir='ltr' id='par_1_4' title="bbox 464 1825 963 1874">
     <span class='ocr_line' id='line_1_10' title="bbox 464 1825 963 1874; baseline -0.006 -2"><span class='ocrx_word' id='word_1_48' title='bbox 464 1829 562 1873; x_wconf 70' lang='lat' dir='ltr'><strong>stunt</strong></span> <span class='ocrx_word' id='word_1_49' title='bbox 579 1830 622 1873; x_wconf 87' lang='grc' dir='ltr'><strong>ΔΙ)</strong></span> <span class='ocrx_word' id='word_1_50' title='bbox 636 1828 764 1874; x_wconf 75' lang='lat' dir='ltr'><strong>Astrturt</strong></span> <span class='ocrx_word' id='word_1_51' title='bbox 780 1828 824 1872; x_wconf 82' lang='lat' dir='ltr'><strong>DE</strong></span> <span class='ocrx_word' id='word_1_52' title='bbox 840 1825 963 1870; x_wconf 81' lang='lat' dir='ltr'><strong>BURGO.</strong></span> 
     </span>
    </p>
   </div>
   <div class='ocr_carea' id='block_1_5' title="bbox 237 2008 1191 2296">
    <p class='ocr_par' dir='ltr' id='par_1_5' title="bbox 237 2008 1191 2296">
     <span class='ocr_line' id='line_1_11' title="bbox 237 2008 1191 2089; baseline -0.005 -13"><span class='ocrx_word' id='word_1_53' title='bbox 237 2014 335 2076; x_wconf 82' lang='lat' dir='ltr'><strong>Asino</strong></span> <span class='ocrx_word' id='word_1_54' title='bbox 357 2013 411 2074; x_wconf 82' lang='lat' dir='ltr'><strong>illi</strong></span> <span class='ocrx_word' id='word_1_55' title='bbox 434 2013 542 2072; x_wconf 83' lang='lat' dir='ltr'><strong>sancti</strong></span> <span class='ocrx_word' id='word_1_56' title='bbox 565 2009 660 2071; x_wconf 79' lang='lat' dir='ltr'><strong>Petri</strong></span> <span class='ocrx_word' id='word_1_57' title='bbox 682 2009 722 2070; x_wconf 85' lang='lat' dir='ltr'><strong>de</strong></span> <span class='ocrx_word' id='word_1_58' title='bbox 748 2009 869 2089; x_wconf 68' lang='lat' dir='ltr'><strong>Bucco,</strong></span> <span class='ocrx_word' id='word_1_59' title='bbox 889 2029 967 2071; x_wconf 84' lang='lat' dir='ltr'><strong>suus</strong></span> <span class='ocrx_word' id='word_1_60' title='bbox 991 2010 1047 2070; x_wconf 78' lang='lat' dir='ltr'><strong>itte</strong></span> <span class='ocrx_word' id='word_1_61' title='bbox 1069 2008 1131 2071; x_wconf 83' lang='lat' dir='ltr'><strong>sibi</strong></span> <span class='ocrx_word' id='word_1_62' title='bbox 1152 2012 1191 2072; x_wconf 81' lang='lat' dir='ltr'><strong>irc</strong></span> 
     </span>
     <span class='ocr_line' id='line_1_12' title="bbox 279 2107 1191 2196; baseline -0.003 -20"><span class='ocrx_word' id='word_1_63' title='bbox 279 2134 380 2196; x_wconf 79' lang='lat' dir='ltr'><strong>oporte</strong></span> <span class='ocrx_word' id='word_1_64' title='bbox 403 2111 589 2187; x_wconf 83' lang='lat' dir='ltr'><strong>consimilis,</strong></span> <span class='ocrx_word' id='word_1_65' title='bbox 612 2111 750 2172; x_wconf 81' lang='lat' dir='ltr'><strong>salutem</strong></span> <span class='ocrx_word' id='word_1_66' title='bbox 777 2109 815 2170; x_wconf 85' lang='lat' dir='ltr'><strong>in</strong></span> <span class='ocrx_word' id='word_1_67' title='bbox 836 2107 940 2171; x_wconf 78' lang='lat' dir='ltr'><strong>tribus</strong></span> <span class='ocrx_word' id='word_1_68' title='bbox 963 2110 1108 2187; x_wconf 84' lang='lat' dir='ltr'><strong>rasoriis,</strong></span> <span class='ocrx_word' id='word_1_69' title='bbox 1132 2113 1191 2174; x_wconf 75' lang='lat' dir='ltr'><strong>icoc</strong></span> 
     </span>
     <span class='ocr_line' id='line_1_13' title="bbox 279 2212 1191 2296; baseline -0.004 -18"><span class='ocrx_word' id='word_1_70' title='bbox 279 2224 326 2278; x_wconf 82' lang='lat' dir='ltr'><strong>est</strong></span> <span class='ocrx_word' id='word_1_71' title='bbox 355 2216 391 2276; x_wconf 84' lang='lat' dir='ltr'><strong>in</strong></span> <span class='ocrx_word' id='word_1_72' title='bbox 418 2213 597 2294; x_wconf 83' lang='lat' dir='ltr'><strong>patientia,</strong></span> <span class='ocrx_word' id='word_1_73' title='bbox 622 2212 816 2273; x_wconf 78' lang='lat' dir='ltr'><strong>discretione</strong></span> <span class='ocrx_word' id='word_1_74' title='bbox 836 2219 868 2272; x_wconf 86' lang='lat' dir='ltr'><strong>et</strong></span> <span class='ocrx_word' id='word_1_75' title='bbox 895 2213 1048 2287; x_wconf 85' lang='lat' dir='ltr'><strong>caritate,</strong></span> <span class='ocrx_word' id='word_1_76' title='bbox 1075 2212 1191 2296; x_wconf 79' lang='lat' dir='ltr'><strong>quibos</strong></span> 
     </span>
    </p>
   </div>
   <div class='ocr_carea' id='block_1_6' title="bbox 278 2310 1192 2499">
    <p class='ocr_par' dir='ltr' id='par_1_6' title="bbox 278 2310 1192 2499">
     <span class='ocr_line' id='line_1_14' title="bbox 278 2310 1192 2397; baseline -0.003 -18"><span class='ocrx_word' id='word_1_77' title='bbox 278 2317 355 2379; x_wconf 84' lang='lat' dir='ltr'><strong>radi</strong></span> <span class='ocrx_word' id='word_1_78' title='bbox 369 2322 492 2396; x_wconf 83' lang='lat' dir='ltr'><strong>oportet</strong></span> <span class='ocrx_word' id='word_1_79' title='bbox 507 2322 537 2377; x_wconf 89' lang='lat' dir='ltr'><strong>et</strong></span> <span class='ocrx_word' id='word_1_80' title='bbox 554 2310 724 2376; x_wconf 81' lang='lat' dir='ltr'><strong>eradicari</strong></span> <span class='ocrx_word' id='word_1_81' title='bbox 743 2331 808 2374; x_wconf 83' lang='lat' dir='ltr'><strong>rton</strong></span> <span class='ocrx_word' id='word_1_82' title='bbox 827 2313 928 2373; x_wconf 80' lang='lat' dir='ltr'><strong>solum</strong></span> <span class='ocrx_word' id='word_1_83' title='bbox 944 2314 1120 2397; x_wconf 78' lang='lat' dir='ltr'><strong>superfluo,</strong></span> <span class='ocrx_word' id='word_1_84' title='bbox 1135 2313 1192 2376; x_wconf 86' lang='lat' dir='ltr'><strong>sed</strong></span> 
     </span>
     <span class='ocr_line' id='line_1_15' title="bbox 279 2413 957 2499; baseline -0.007 -19"><span class='ocrx_word' id='word_1_85' title='bbox 279 2420 379 2480; x_wconf 82' lang='lat' dir='ltr'><strong>etiam</strong></span> <span class='ocrx_word' id='word_1_86' title='bbox 395 2437 466 2499; x_wconf 77' lang='lat' dir='ltr'><strong>quc</strong></span> <span class='ocrx_word' id='word_1_87' title='bbox 482 2418 653 2478; x_wconf 83' lang='lat' dir='ltr'><strong>imminent</strong></span> <span class='ocrx_word' id='word_1_88' title='bbox 669 2416 798 2477; x_wconf 82' lang='lat' dir='ltr'><strong>omnino</strong></span> <span class='ocrx_word' id='word_1_89' title='bbox 813 2413 957 2476; x_wconf 84' lang='lat' dir='ltr'><strong>adverso.</strong></span> 
     </span>
    </p>
   </div>
   <div class='ocr_carea' id='block_1_7' title="bbox 234 2597 1191 4098">
    <p class='ocr_par' dir='ltr' id='par_1_7' title="bbox 202 2597 1191 4103">
     <span class='ocr_line' id='line_1_16' title="bbox 279 2597 1190 2677; baseline -0.003 -14"><span class='ocrx_word' id='word_1_90' title='bbox 279 2599 432 2663; x_wconf 74' lang='lat' dir='ltr'><strong>Onusta</strong></span> <span class='ocrx_word' id='word_1_91' title='bbox 450 2597 559 2675; x_wconf 85' lang='lat' dir='ltr'><strong>Asine,</strong></span> <span class='ocrx_word' id='word_1_92' title='bbox 576 2599 603 2661; x_wconf 93' lang='lat' dir='ltr'><strong>si</strong></span> <span class='ocrx_word' id='word_1_93' title='bbox 625 2606 732 2662; x_wconf 88' lang='lat' dir='ltr'><strong>tamen</strong></span> <span class='ocrx_word' id='word_1_94' title='bbox 755 2599 813 2660; x_wconf 91' lang='lat' dir='ltr'><strong>sub</strong></span> <span class='ocrx_word' id='word_1_95' title='bbox 837 2597 922 2661; x_wconf 83' lang='lat' dir='ltr'><strong>Petri</strong></span> <span class='ocrx_word' id='word_1_96' title='bbox 944 2598 1142 2677; x_wconf 89' lang='lat' dir='ltr'><strong>indument0,</strong></span> <span class='ocrx_word' id='word_1_97' title='bbox 1156 2597 1190 2661; x_wconf 92' lang='lat' dir='ltr'><strong>id</strong></span> 
     </span>
     <span class='ocr_line' id='line_1_17' title="bbox 235 2700 1189 2785; baseline -0.002 -19"><span class='ocrx_word' id='word_1_98' title='bbox 235 2712 284 2767; x_wconf 92' lang='lat' dir='ltr'><strong>est</strong></span> <span class='ocrx_word' id='word_1_99' title='bbox 307 2701 423 2765; x_wconf 91' lang='lat' dir='ltr'><strong>mentis</strong></span> <span class='ocrx_word' id='word_1_100' title='bbox 445 2700 581 2785; x_wconf 88' lang='lat' dir='ltr'><strong>puritate</strong></span> <span class='ocrx_word' id='word_1_101' title='bbox 603 2708 636 2762; x_wconf 91' lang='lat' dir='ltr'><strong>et</strong></span> <span class='ocrx_word' id='word_1_102' title='bbox 657 2701 763 2784; x_wconf 89' lang='lat' dir='ltr'><strong>operis</strong></span> <span class='ocrx_word' id='word_1_103' title='bbox 785 2701 995 2779; x_wconf 81' lang='lat' dir='ltr'><strong>exhibitione,</strong></span> <span class='ocrx_word' id='word_1_104' title='bbox 1018 2701 1060 2765; x_wconf 87' lang='lat' dir='ltr'><strong>ad</strong></span> <span class='ocrx_word' id='word_1_105' title='bbox 1086 2701 1189 2765; x_wconf 91' lang='lat' dir='ltr'><strong>crucis</strong></span> 
     </span>
     <span class='ocr_line' id='line_1_18' title="bbox 234 2803 1190 2890; baseline -0.003 -22"><span class='ocrx_word' id='word_1_106' title='bbox 234 2804 444 2890; x_wconf 86' lang='lat' dir='ltr'><strong>ignominiam</strong></span> <span class='ocrx_word' id='word_1_107' title='bbox 466 2805 499 2867; x_wconf 91' lang='lat' dir='ltr'><strong>in</strong></span> <span class='ocrx_word' id='word_1_108' title='bbox 520 2823 653 2885; x_wconf 88' lang='lat' dir='ltr'><strong>corpore</strong></span> <span class='ocrx_word' id='word_1_109' title='bbox 675 2811 730 2866; x_wconf 91' lang='lat' dir='ltr'><strong>tuo</strong></span> <span class='ocrx_word' id='word_1_110' title='bbox 747 2803 919 2867; x_wconf 88' lang='lat' dir='ltr'><strong>Christum·</strong></span> <span class='ocrx_word' id='word_1_111' title='bbox 933 2803 1119 2885; x_wconf 69' lang='lat' dir='ltr'><strong>portaveris</strong></span> <span class='ocrx_word' id='word_1_112' title='bbox 1133 2803 1190 2866; x_wconf 93' lang='lat' dir='ltr'><strong>ubi</strong></span> 
     </span>
     <span class='ocr_line' id='line_1_19' title="bbox 237 2902 1191 2988; baseline -0.002 -19"><span class='ocrx_word' id='word_1_113' title='bbox 237 2907 297 2969; x_wconf 89' lang='lat' dir='ltr'><strong>sub</strong></span> <span class='ocrx_word' id='word_1_114' title='bbox 321 2905 439 2968; x_wconf 79' lang='lat' dir='ltr'><strong>vexillo</strong></span> <span class='ocrx_word' id='word_1_115' title='bbox 461 2903 537 2966; x_wconf 90' lang='lat' dir='ltr'><strong>fidei</strong></span> <span class='ocrx_word' id='word_1_116' title='bbox 560 2924 672 2986; x_wconf 90' lang='lat' dir='ltr'><strong>parum</strong></span> <span class='ocrx_word' id='word_1_117' title='bbox 694 2902 752 2965; x_wconf 88' lang='lat' dir='ltr'><strong>tibi</strong></span> <span class='ocrx_word' id='word_1_118' title='bbox 776 2923 892 2966; x_wconf 88' lang='lat' dir='ltr'><strong>nocere</strong></span> <span class='ocrx_word' id='word_1_119' title='bbox 914 2904 1032 2988; x_wconf 88' lang='lat' dir='ltr'><strong>poterit</strong></span> <span class='ocrx_word' id='word_1_120' title='bbox 1053 2905 1191 2968; x_wconf 89' lang='lat' dir='ltr'><strong>Neronis</strong></span> 
     </span>
     <span class='ocr_line' id='line_1_20' title="bbox 235 3004 1189 3087; baseline 0.001 -18"><span class='ocrx_word' id='word_1_121' title='bbox 235 3006 424 3071; x_wconf 85' lang='lat' dir='ltr'><strong>immanitas.</strong></span> <span class='ocrx_word' id='word_1_122' title='bbox 452 3007 600 3087; x_wconf 87' lang='lat' dir='ltr'><strong>Insurgat</strong></span> <span class='ocrx_word' id='word_1_123' title='bbox 611 3005 736 3070; x_wconf 89' lang='lat' dir='ltr'><strong>scilicet</strong></span> <span class='ocrx_word' id='word_1_124' title='bbox 746 3004 787 3067; x_wconf 88' lang='lat' dir='ltr'><strong>ad</strong></span> <span class='ocrx_word' id='word_1_125' title='bbox 795 3015 922 3087; x_wconf 91' lang='lat' dir='ltr'><strong>tempus</strong></span> <span class='ocrx_word' id='word_1_126' title='bbox 932 3006 1111 3069; x_wconf 84' lang='lat' dir='ltr'><strong>invidorum</strong></span> <span class='ocrx_word' id='word_1_127' title='bbox 1122 3028 1189 3070; x_wconf 87' lang='lat' dir='ltr'><strong>ma·</strong></span> 
     </span>
     <span class='ocr_line' id='line_1_21' title="bbox 235 3106 1188 3191; baseline -0.003 -19"><span class='ocrx_word' id='word_1_128' title='bbox 235 3110 305 3172; x_wconf 87' lang='lat' dir='ltr'><strong>litia</strong></span> <span class='ocrx_word' id='word_1_129' title='bbox 320 3117 353 3171; x_wconf 89' lang='lat' dir='ltr'><strong>et</strong></span> <span class='ocrx_word' id='word_1_130' title='bbox 366 3107 580 3191; x_wconf 79' lang='lat' dir='ltr'><strong>perversitatis</strong></span> <span class='ocrx_word' id='word_1_131' title='bbox 594 3107 736 3189; x_wconf 87' lang='lat' dir='ltr'><strong>procella</strong></span> <span class='ocrx_word' id='word_1_132' title='bbox 751 3106 846 3170; x_wconf 89' lang='lat' dir='ltr'><strong>altius</strong></span> <span class='ocrx_word' id='word_1_133' title='bbox 860 3108 1061 3171; x_wconf 86' lang='lat' dir='ltr'><strong>intumescat.</strong></span> <span class='ocrx_word' id='word_1_134' title='bbox 1089 3107 1188 3170; x_wconf 87' lang='lat' dir='ltr'><strong>Nari-</strong></span> 
     </span>
     <span class='ocr_line' id='line_1_22' title="bbox 236 3208 1188 3294; baseline -0.002 -22"><span class='ocrx_word' id='word_1_135' title='bbox 236 3212 309 3272; x_wconf 89' lang='lat' dir='ltr'><strong>cula</strong></span> <span class='ocrx_word' id='word_1_136' title='bbox 320 3210 407 3273; x_wconf 91' lang='lat' dir='ltr'><strong>Petri</strong></span> <span class='ocrx_word' id='word_1_137' title='bbox 422 3209 612 3282; x_wconf 86' lang='lat' dir='ltr'><strong>concutitur,</strong></span> <span class='ocrx_word' id='word_1_138' title='bbox 626 3208 682 3272; x_wconf 89' lang='lat' dir='ltr'><strong>sed</strong></span> <span class='ocrx_word' id='word_1_139' title='bbox 698 3210 793 3273; x_wconf 89' lang='lat' dir='ltr'><strong>etiam</strong></span> <span class='ocrx_word' id='word_1_140' title='bbox 808 3220 908 3294; x_wconf 87' lang='lat' dir='ltr'><strong>portae</strong></span> <span class='ocrx_word' id='word_1_141' title='bbox 924 3210 1016 3274; x_wconf 84' lang='lat' dir='ltr'><strong>inferi</strong></span> <span class='ocrx_word' id='word_1_142' title='bbox 1026 3230 1091 3272; x_wconf 92' lang='lat' dir='ltr'><strong>non</strong></span> <span class='ocrx_word' id='word_1_143' title='bbox 1107 3229 1188 3290; x_wconf 84' lang='lat' dir='ltr'><strong>prae-</strong></span> 
     </span>
     <span class='ocr_line' id='line_1_23' title="bbox 235 3306 1189 3385; baseline -0.002 -14"><span class='ocrx_word' id='word_1_144' title='bbox 235 3311 342 3372; x_wconf 85' lang='lat' dir='ltr'><strong>valent</strong></span> <span class='ocrx_word' id='word_1_145' title='bbox 357 3307 507 3370; x_wconf 82' lang='lat' dir='ltr'><strong>adversus</strong></span> <span class='ocrx_word' id='word_1_146' title='bbox 527 3329 596 3370; x_wconf 89' lang='lat' dir='ltr'><strong>eam</strong></span> <span class='ocrx_word' id='word_1_147' title='bbox 607 3333 616 3385; x_wconf 82' lang='lat'>3</span> <span class='ocrx_word' id='word_1_148' title='bbox 646 3311 747 3373; x_wconf 91' lang='lat' dir='ltr'><strong>multo</strong></span> <span class='ocrx_word' id='word_1_149' title='bbox 771 3310 877 3373; x_wconf 88' lang='lat' dir='ltr'><strong>minus</strong></span> <span class='ocrx_word' id='word_1_150' title='bbox 893 3309 1032 3373; x_wconf 89' lang='lat' dir='ltr'><strong>Neronis</strong></span> <span class='ocrx_word' id='word_1_151' title='bbox 1055 3306 1189 3372; x_wconf 84' lang='lat' dir='ltr'><strong>audacia</strong></span> 
     </span>
     <span class='ocr_line' id='line_1_24' title="bbox 236 3410 1188 3493; baseline -0.002 -20"><span class='ocrx_word' id='word_1_152' title='bbox 236 3411 295 3473; x_wconf 88' lang='lat' dir='ltr'><strong>etsi</strong></span> <span class='ocrx_word' id='word_1_153' title='bbox 321 3410 524 3472; x_wconf 84' lang='lat' dir='ltr'><strong>innovaretur</strong></span> <span class='ocrx_word' id='word_1_154' title='bbox 548 3431 621 3472; x_wconf 84' lang='lat' dir='ltr'><strong>cum</strong></span> <span class='ocrx_word' id='word_1_155' title='bbox 647 3432 686 3474; x_wconf 88' lang='lat' dir='ltr'><strong>eo</strong></span> <span class='ocrx_word' id='word_1_156' title='bbox 713 3412 855 3475; x_wconf 90' lang='lat' dir='ltr'><strong>Herodis</strong></span> <span class='ocrx_word' id='word_1_157' title='bbox 878 3413 1026 3476; x_wconf 81' lang='lat' dir='ltr'><strong>versutia.</strong></span> <span class='ocrx_word' id='word_1_158' title='bbox 1072 3410 1188 3493; x_wconf 87' lang='lat' dir='ltr'><strong>Liquet</strong></span> 
     </span>
     <span class='ocr_line' id='line_1_25' title="bbox 235 3509 1189 3597; baseline -0.004 -21"><span class='ocrx_word' id='word_1_159' title='bbox 235 3513 342 3597; x_wconf 88' lang='lat' dir='ltr'><strong>itaque</strong></span> <span class='ocrx_word' id='word_1_160' title='bbox 374 3509 461 3594; x_wconf 85' lang='lat' dir='ltr'><strong>quod</strong></span> <span class='ocrx_word' id='word_1_161' title='bbox 488 3531 590 3594; x_wconf 89' lang='lat' dir='ltr'><strong>usque</strong></span> <span class='ocrx_word' id='word_1_162' title='bbox 615 3511 656 3574; x_wconf 92' lang='lat' dir='ltr'><strong>ad</strong></span> <span class='ocrx_word' id='word_1_163' title='bbox 685 3513 756 3576; x_wconf 85' lang='lat' dir='ltr'><strong>haec</strong></span> <span class='ocrx_word' id='word_1_164' title='bbox 786 3522 932 3597; x_wconf 84' lang='lat' dir='ltr'><strong>tempora</strong></span> <span class='ocrx_word' id='word_1_165' title='bbox 961 3512 1130 3577; x_wconf 86' lang='lat' dir='ltr'><strong>destinavit</strong></span> <span class='ocrx_word' id='word_1_166' title='bbox 1156 3519 1189 3573; x_wconf 90' lang='lat' dir='ltr'><strong>et</strong></span> 
     </span>
     <span class='ocr_line' id='line_1_26' title="bbox 235 3610 1189 3697; baseline -0.002 -21"><span class='ocrx_word' id='word_1_167' title='bbox 235 3613 338 3676; x_wconf 83' lang='lat' dir='ltr'><strong>tudas</strong></span> <span class='ocrx_word' id='word_1_168' title='bbox 359 3610 563 3694; x_wconf 89' lang='lat' dir='ltr'><strong>proditorem,</strong></span> <span class='ocrx_word' id='word_1_169' title='bbox 578 3611 700 3676; x_wconf 87' lang='lat' dir='ltr'><strong>Pilatus</strong></span> <span class='ocrx_word' id='word_1_170' title='bbox 720 3613 873 3697; x_wconf 80' lang='lat' dir='ltr'><strong>judicem,</strong></span> <span class='ocrx_word' id='word_1_171' title='bbox 889 3615 947 3678; x_wconf 91' lang='lat' dir='ltr'><strong>sed</strong></span> <span class='ocrx_word' id='word_1_172' title='bbox 967 3625 999 3677; x_wconf 86' lang='lat' dir='ltr'><strong>et</strong></span> <span class='ocrx_word' id='word_1_173' title='bbox 1013 3615 1100 3676; x_wconf 89' lang='lat' dir='ltr'><strong>Nero</strong></span> <span class='ocrx_word' id='word_1_174' title='bbox 1123 3633 1189 3674; x_wconf 90' lang='lat' dir='ltr'><strong>ma-</strong></span> 
     </span>
     <span class='ocr_line' id='line_1_27' title="bbox 235 3712 1188 3797; baseline 0 -22"><span class='ocrx_word' id='word_1_175' title='bbox 235 3713 392 3794; x_wconf 85' lang='lat' dir='ltr'><strong>lignitatis</strong></span> <span class='ocrx_word' id='word_1_176' title='bbox 413 3712 584 3790; x_wconf 84' lang='lat' dir='ltr'><strong>haeredem,</strong></span> <span class='ocrx_word' id='word_1_177' title='bbox 599 3712 644 3775; x_wconf 85' lang='lat' dir='ltr'><strong>ita</strong></span> <span class='ocrx_word' id='word_1_178' title='bbox 665 3713 751 3797; x_wconf 91' lang='lat' dir='ltr'><strong>qnod</strong></span> <span class='ocrx_word' id='word_1_179' title='bbox 769 3715 967 3778; x_wconf 86' lang='lat' dir='ltr'><strong>nuncetiam</strong></span> <span class='ocrx_word' id='word_1_180' title='bbox 986 3714 1099 3778; x_wconf 88' lang='lat' dir='ltr'><strong>iterato</strong></span> <span class='ocrx_word' id='word_1_181' title='bbox 1113 3733 1188 3795; x_wconf 86' lang='lat' dir='ltr'><strong>pos-</strong></span> 
     </span>
     <span class='ocr_line' id='line_1_28' title="bbox 235 3814 1188 3902; baseline -0.002 -24"><span class='ocrx_word' id='word_1_182' title='bbox 235 3816 353 3879; x_wconf 90' lang='lat' dir='ltr'><strong>tuletur</strong></span> <span class='ocrx_word' id='word_1_183' title='bbox 369 3814 512 3878; x_wconf 86' lang='lat' dir='ltr'><strong>Christus</strong></span> <span class='ocrx_word' id='word_1_184' title='bbox 534 3814 689 3896; x_wconf 85' lang='lat' dir='ltr'><strong>crucifigi,</strong></span> <span class='ocrx_word' id='word_1_185' title='bbox 705 3824 742 3877; x_wconf 90' lang='lat' dir='ltr'><strong>ut</strong></span> <span class='ocrx_word' id='word_1_186' title='bbox 763 3815 962 3880; x_wconf 86' lang='lat' dir='ltr'><strong>dimittantur</strong></span> <span class='ocrx_word' id='word_1_187' title='bbox 977 3816 1032 3902; x_wconf 88' lang='lat' dir='ltr'><strong>qui</strong></span> <span class='ocrx_word' id='word_1_188' title='bbox 1047 3817 1092 3880; x_wconf 89' lang='lat' dir='ltr'><strong>rei</strong></span> <span class='ocrx_word' id='word_1_189' title='bbox 1112 3822 1188 3878; x_wconf 88' lang='lat' dir='ltr'><strong>sunt</strong></span> 
     </span>
     <span class='ocr_line' id='line_1_29' title="bbox 236 3914 865 3980; baseline 0.002 -1"><span class='ocrx_word' id='word_1_190' title='bbox 236 3916 404 3979; x_wconf 89' lang='lat' dir='ltr'><strong>seditionis</strong></span> <span class='ocrx_word' id='word_1_191' title='bbox 419 3924 451 3979; x_wconf 91' lang='lat' dir='ltr'><strong>et</strong></span> <span class='ocrx_word' id='word_1_192' title='bbox 465 3914 640 3979; x_wconf 89' lang='lat' dir='ltr'><strong>homicidii.</strong></span> <span class='ocrx_word' id='word_1_193' title='bbox 685 3916 794 3979; x_wconf 89' lang='lat' dir='ltr'><strong>Simon</strong></span> <span class='ocrx_word' id='word_1_194' title='bbox 810 3918 865 3980; x_wconf 85' lang='lat' dir='ltr'><strong>ilie</strong></span> 
     </span>
     <span class='ocr_line' id='line_1_30' title="bbox 279 4013 1097 4098; baseline 0.001 -17.914"><span class='ocrx_word' id='word_1_195' title='bbox 279 4018 485 4082; x_wconf 86' lang='lat' dir='ltr'><strong>-adhuc</strong></span> <span class='ocrx_word' id='word_1_196' title='bbox 501 4019 642 4098; x_wconf 86' lang='lat' dir='ltr'><strong>magicas</strong></span> <span class='ocrx_word' id='word_1_197' title='bbox 658 4020 716 4083; x_wconf 91' lang='lat' dir='ltr'><strong>sub</strong></span> <span class='ocrx_word' id='word_1_198' title='bbox 733 4013 861 4082; x_wconf 88' lang='lat' dir='ltr'><strong>Nerone</strong></span> <span class='ocrx_word' id='word_1_199' title='bbox 876 4020 991 4084; x_wconf 86' lang='lat' dir='ltr'><strong>edocet</strong></span> <span class='ocrx_word' id='word_1_200' title='bbox 1005 4031 1097 4084; x_wconf 85' lang='lat' dir='ltr'><strong>artes.</strong></span> 
     </span>
    </p>
   </div>
   <div class='ocr_carea' id='block_1_8' title="bbox 0 0 1436 4598">
    <p class='ocr_par' dir='ltr' id='par_1_8' title="bbox 0 0 1436 4598">
     <span class='ocr_line' id='line_1_31' title="bbox 0 0 1436 4598; baseline 0 0"><span class='ocrx_word' id='word_1_201' title='bbox 0 0 1436 4598; x_wconf 95' lang='lat' dir='ltr'><strong> </strong></span> 
     </span>
    </p>
   </div>
  </div>
 </body>
</html>
