2864 4598
241 446 350 525 1164]
522 461 618 508 lucr.
634 459 740 504 annuo
756 458 900 502 rnwnns.
1150 440 1192 500 28

238 611 284 672 Et
305 610 393 673 flevit
413 629 488 672 cum
512 608 664 689 singultu,
692 605 749 669 sed
775 618 808 668 et
831 603 997 667 dominum
1022 623 1139 684 papam
1160 611 1192 664 et

242 733 353 774 omnes
369 712 425 795 qui
441 709 664 774 aderant'flere
681 708 846 791 compulit.

283 811 312 896 ᾗ.
329 819 381 876 27.
403 813 509 874 Immo
530 825 561 872 et
577 811 648 872 haec
674 808 810 872 audiens
831 808 900 891 quis
921 807 1037 889 poterit
1055 828 1089 869 se
1114 827 1193 869 con-

238 913 338 978 tinere
353 934 372 975 a
386 909 481 974 fletu?
521 910 671 974 Seorsum
686 909 784 988 igitur
801 907 1044 991 archiepiscopo
1059 905 1192 970 sedente

239 1040 312 1082 cum
327 1017 394 1081 suis
407 1017 443 1080 in
458 1015 519 1078 hoc
536 1016 632 1077 verbo
644 1011 881 1089 scandalizatis,
892 1012 1039 1074 nimirum
1055 1013 1110 1096 qui
1120 1012 1191 1095 jam

239 1126 403 1202 coeperant
432 1116 611 1199 desperare,
638 1114 787 1178 dominus
812 1135 897 1196 papa
926 1134 1020 1197 super
1044 1114 1191 1177 hiscum

223 1220 455 1284 ,cardinalibus
491 1216 591 1300 coepit
620 1216 772 1279 conferre.
818 1216 907 1278 Hinc
941 1214 1016 1278 inde
1048 1215 1132 1281 varia
1162 1227 1194 1279 et

239 1321 362 1385 diversa
390 1329 439 1384 est
469 1330 537 1382 orta
567 1318 734 1382 sententia.
781 1317 846 1380 His
876 1317 977 1380 visum
1007 1330 1056 1381 est
1085 1319 1194 1381 oblata

238 1421 409 1487 occasione
435 1421 521 1502 regis
544 1421 623 1483 iram
648 1418 751 1482 sedari
774 1441 869 1503 posse
895 1419 1031 1495 facilius,
1055 1419 1130 1481 dum
1157 1419 1191 1481 in

239 1525 302 1588 alia
325 1545 464 1607 persona
488 1523 635 1586 ecclesiae
662 1522 883 1585 cantuariensi
907 1522 1134 1599 consuleretur,
1161 1534 1191 1586 et

239 1623 461 1688 Cantuariensi
476 1622 720 1706 archiepiscopo
740 1632 851 1702 posset
866 1621 944 1684 alias
959 1624 1192 1702 competentius

239 1724 409 1809 provideri.
454 1725 501 1786 Hi
524 1722 682 1806 siquidem
705 1731 796 1786 erant
822 1743 864 1783 ex
888 1721 1066 1784 Pbadsaeis.
1112 1723 1193 1786 Aliis

240 1837 345 1891 antem
370 1828 427 1910 qni
457 1837 584 1910 apertos
612 1825 774 1888 habebant
804 1824 915 1886 oculos
947 1823 1049 1886 visum
1079 1836 1129 1887 est
1157 1826 1191 1887 in

240 1928 414 2007 diversum;
436 1929 513 2012 quia
524 1928 550 1991 si
565 1929 594 1991 is
609 1927 664 2010 qui
679 1949 737 2010 pro
753 1925 873 1989 tuenda
888 1925 1035 1988 ecclesiae
1046 1927 1194 1990 libertate

240 2051 364 2093 summo
386 2030 531 2113 periculo
549 2038 583 2092 et
605 2027 787 2104 discrimini,
802 2049 869 2089 non
893 2028 995 2089 solum
1019 2027 1148 2091 divitias
1163 2038 1195 2090 et

240 2133 383 2214 gloriam,
410 2132 601 2212 dignitatem
630 2143 662 2195 et
691 2131 919 2206 auctoritatem,
950 2127 1006 2191 sed
1036 2141 1068 2192 et
1098 2130 1195 2194 vitam

240 2234 401 2318 exposuit,
417 2233 458 2296 ad
480 2232 563 2313 regis
585 2233 710 2295 libitum
735 2230 866 2294 deberet
888 2252 945 2294 sno
964 2230 1036 2314 jure
1060 2232 1192 2315 privari:

240 2335 323 2398 sicut
338 2336 439 2397 forma
454 2332 543 2397 fieret
557 2334 628 2396 aliis
644 2333 678 2394 in
694 2331 853 2394 consimili
876 2352 974 2394 causa
994 2331 1124 2412 regibus
1144 2353 1191 2394 re·

239 2435 383 2515 sistendi,
399 2436 427 2498 si
449 2435 479 2497 ei
502 2457 560 2498 sna
575 2432 701 2519 justitia
723 2444 899 2495 servaretur
919 2432 1030 2495 illaesa.
1076 2432 1131 2496 Sic
1154 2454 1193 2496 eo

241 2537 376 2602 cadente
400 2535 554 2601 caderent
577 2535 715 2598 universi
736 2534 891 2618 episcopi,
905 2544 940 2597 ut
962 2535 1058 2597 nullis
1081 2536 1193 2598 futuris

240 2639 439 2724 temporibus
460 2637 590 2701 auderet
605 2637 677 2720 quis
692 2637 819 2700 obviare
839 2637 997 2720 principis
1018 2635 1191 2701 voluntati:

242 2752 273 2803 et
288 2741 334 2804 sic
350 2740 513 2803 vacillabit
533 2747 635 2801 status
655 2738 821 2802 catholicae
837 2739 994 2816 ecelesiae,
1008 2748 1040 2800 et
1053 2739 1192 2801 Romani

242 2842 407 2924 pontificis
424 2841 580 2926 deperibit
595 2840 775 2904 auctoritas.
820 2840 840 2871 “
855 2839 1002 2922 Expedit
1016 2840 1127 2919 igitur”
1143 2842 1193 2902 in·

242 2943 354 3028 quiunt
376 2945 395 2976 “
411 2943 497 3006 hunc
520 2942 642 3005 restitui
665 2941 759 3004 etiam
785 2940 930 3017 invitum,
949 2952 981 3002 et
1004 2940 1043 3016 ei,
1059 2941 1115 3021 qui
1136 2962 1193 3024 pro

242 3044 336 3106 nobis
348 3043 496 3106 omnibus
506 3042 648 3119 dimicat,
658 3038 841 3103 omnimode
854 3051 902 3102 est
913 3040 1193 3103 succurrendum.”

243 3147 448 3231 Complacuit
488 3145 638 3208 omuibus
672 3143 741 3206 haec
784 3143 952 3218 sententia,
982 3153 1192 3228 praeterquam

243 3248 424 3311 Pharisaeis.
810 3246 811 3249 ’

288 3346 318 3431 §.
335 3353 386 3414 28.
408 3350 534 3413 Vocato
557 3347 655 3429 igitur
670 3344 893 3410 Cantuariensi
914 3368 987 3409 cum
1002 3348 1078 3426 suis,
1093 3348 1193 3412 domi-

241 3473 303 3515 nus
331 3472 415 3535 papa
443 3450 513 3513 haro
544 3448 588 3513 ait
617 3471 660 3512 ex
689 3447 866 3511 sententia:
891 3448 910 3480 “
927 3449 1022 3511 Nunc
1053 3450 1194 3528 demum,

240 3556 345 3631 frater,
360 3553 453 3616 nobis
467 3553 578 3635 liquet,
595 3573 692 3635 quem
707 3549 846 3613 habuisti
855 3560 887 3613 et
898 3551 997 3613 habes
1012 3552 1117 3614 zelum
1133 3573 1192 3634 pro

243 3654 340 3717 domo
366 3650 512 3729 Domini,
537 3671 633 3733 quam
660 3650 783 3713 sincera
809 3650 1006 3713 conscientia
1035 3651 1194 3732 teipsum

241 3754 379 3819 statuisti
398 3774 522 3816 murum
538 3773 578 3816 ex
595 3752 739 3816 adverso.
785 3751 836 3813 De
857 3761 912 3813 tuo
932 3752 1079 3832 ingressu
1094 3773 1193 3835 quum

241 3877 353 3941 puram
376 3854 490 3918 seceris
513 3855 758 3931 confessionem,
780 3853 992 3933 resignatione
1016 3854 1109 3930 sacta,
1132 3874 1196 3936 qua

242 3957 346 4041 potuit
368 3965 402 4021 et
427 3955 539 4019 debuit
561 3955 642 4019 dilui
665 3956 762 4038 culpa
785 3953 904 4030 delicti,
923 3954 993 4037 jam
1019 3974 1130 4017 secure
1154 3953 1194 4017 de

241 4080 326 4122 novo
343 4056 462 4142 poteris
477 4057 517 4121 de
532 4069 640 4122 nostra
654 4078 751 4121 mann
766 4055 959 4140 pontificalis
974 4055 1072 4119 officii
1087 4075 1195 4118 curam
