2864 4598
331 415 368 472 16
628 426 702 470 vrrs
719 426 835 471 sineri
851 427 980 471 rubum
1188 410 1240 490 {a
1251 428 1282 471 n.

328 572 458 654 grandis
487 574 585 656 piscis
613 572 746 657 projecit
769 595 803 636 se
826 594 898 636 cum
922 575 1046 657 impetu
1068 572 1102 634 in
1124 575 1289 654 gremium,

329 677 386 738 viri
410 678 483 756 Dei,
505 677 606 760 piscis
628 676 761 758 iuquam
784 698 881 760 quam
905 677 1068 740 Brenham
1085 660 1228 751 'vocant;
1247 688 1283 768 'et

328 777 430 841 sactus
453 787 502 842 est
524 779 570 842 eis
595 778 746 842 transitus
769 778 822 842 ille
842 778 1010 863 jucundus
1032 780 1067 842 in
1086 779 1182 843 laude
1206 779 1282 842 Dei.

329 878 457 943 Ductus
471 880 579 964 itaque
598 879 641 943 ad
663 888 810 944 sanctum
826 880 993 944 Bertinu'm
1014 891 1047 944 et
1066 881 1132 945 illic
1149 881 1283 945 comiter

328 992 487 1065 exceptus
498 981 593 1045 duxit
599 981 721 1045 ibidem
732 1003 807 1046 suos
819 995 1002 1066 expectare.
1036 982 1168 1046 Interim
1180 1004 1282 1046 rerum

329 1092 446 1147 statum
475 1084 662 1166 exagitabat
690 1083 819 1146 horrida
848 1084 1046 1167 perturbatio
1084 1105 1284 1169 unoquoque

329 1186 456 1249 sibimet
470 1186 668 1261 consulente,
683 1195 715 1248 et
735 1184 777 1248 ad
799 1186 883 1265 regis
898 1187 1097 1250 voluntatem
1118 1197 1282 1270 quaerente

330 1286 517 1350 occasiones
545 1284 707 1369 quomodo
737 1284 902 1349 Christum
932 1285 1067 1349 Domini
1098 1284 1285 1371 perderent.

330 1388 454 1451 Directi
470 1397 545 1451 snut
558 1387 655 1469 igitur
670 1386 712 1450 ad
730 1385 897 1450 dominum
918 1409 1037 1471 papam
1052 1409 1072 1451 a
1085 1388 1169 1470 regis
1183 1388 1283 1451 latere

329 1489 545 1552 Eboracensis
560 1488 833 1572 archiepiscopuS,
845 1488 1094 1567 Londoniensis‚
1103 1489 1283 1562 Gicestren·

241 1574 244 1583 ’
329 1592 383 1669 sis,
398 1590 605 1667 Exoniensis,
620 1590 863 1672 Wigorniensis,
884 1592 1111 1670 Luxoviensis,
1126 1591 1283 1675 episcopi,

330 1701 362 1756 et
376 1713 450 1755 cnm
464 1691 505 1755 iis
521 1691 674 1756 comitum
689 1702 722 1754 et
740 1693 898 1755 baronum
913 1692 1087 1756 multitudo
1103 1693 1234 1776 copiosa
1249 1693 1283 1754 in

329 1815 447 1876 magno
470 1804 634 1878 apparatu,
650 1794 682 1855 in
700 1792 794 1856 donis
817 1803 848 1855 et
873 1786 1069 1866 muneribus
1086 1794 1203 1877 quibus
1224 1815 1283 1880 pro

330 1894 450 1958 viribus
473 1893 635 1978 judicium
666 1903 881 1977 perverterent
903 1904 936 1958 et
966 1894 1146 1976 sapientum
1172 1896 1284 1958 oculos

331 2006 539 2060 excaecarent.
586 1996 660 2058 Hoc
682 1993 841 2077 siquidem
858 1993 955 2058 modo
976 1994 1150 2059 credebant
1164 1996 1283 2060 curiam

330 2098 509 2160 Romanam
530 2094 564 2157 in
593 2095 654 2158 hac
676 2102 767 2178 parte
790 2093 983 2177 quandoque
1006 2096 1210 2159 vacillantem
1233 2096 1282 2158 in·

331 2197 443 2262 clinari
458 2218 553 2281 posse
569 2196 610 2259 ad
624 2194 658 2257 id
675 2194 763 2279 qnod
778 2198 974 2279 quaerebant.
1019 2197 1184 2261 Dederant
1198 2199 1284 2260 eriim

331 2298 462 2384 quidam
492 2299 664 2383 pontifices
689 2306 802 2360 contra
825 2297 1089 2362 cantuariensem
1119 2299 1181 2361 hoc
1207 2321 1285 2362 con-

332 2401 449 2465 silium.
494 2401 578 2464 Sane
598 2400 633 2461 in
656 2419 765 2462 eorum
781 2397 921 2462 adventu
935 2400 1013 2463 hinc
1032 2399 1126 2463 timor
1144 2401 1283 2484 publicae

331 2501 578 2589 perturbationis
594 2523 666 2586 quae
682 2522 725 2564 ex
739 2500 787 2563 ira
800 2501 884 2581 regis
898 2509 1007 2585 posset
1021 2501 1107 2580 oriri,
1117 2501 1192 2565 inde
1209 2525 1285 2588 spes

332 2614 475 2687 quaestus
499 2624 595 2686 quam
617 2604 724 2684 plures
748 2600 959 2664 cardinalium
979 2613 1090 2666 nutare
1108 2605 1286 2688 compellit,

332 2714 365 2769 et
379 2705 464 2768 facta
479 2714 529 2766 est
542 2703 625 2767 inter
646 2723 701 2765 eos
716 2700 886 2777 dissensi0,
903 2701 980 2765 dum
1001 2703 1158 2768 diceretur
1173 2707 1214 2769 ab
1233 2707 1286 2769 his

331 2805 572 2871 Cantuariensis
593 2803 823 2868 ecclesiasticae
843 2803 998 2867 libertatis
1018 2804 1223 2885 defensaret
1235 2807 1284 2870 id·

331 2909 416 2975 circo
431 2908 552 2994 justam
568 2907 671 2970 fovere
687 2926 833 2969 causam:
858 2906 898 2968 ab
915 2905 979 2968 illis
994 2907 1085 2988 pacis
1100 2916 1132 2971 et
1152 2909 1285 2973 unitatis
1321 2904 1324 2911 ’

330 3011 541 3096 perturbator,
571 3017 603 3071 et
631 3008 705 3071 ideo
735 3006 805 3091 ejus
843 3009 1101 3091 praesumptionis
1128 3011 1284 3095 impetum

330 3112 437 3195 potius
447 3109 670 3173 refrenandum
683 3131 779 3192 quarn
790 3109 974 3172 fovendum.
1010 3111 1062 3173 Eo
1074 3132 1175 3195 usque
1188 3112 1284 3176 etiam

330 3214 466 3277 invaluit
486 3213 690 3275 inimicorum
715 3212 890 3294 suggestio,
913 3212 999 3296 quod
1029 3214 1134 3276 nuntii
1163 3214 1286 3278 domini

331 3311 582 3384 Cantuariensis,
597 3311 754 3393 praemissi
770 3312 854 3374 enim
871 3321 960 3376 erant
976 3315 1102 3378 eximiae
1113 3315 1240 3378 -virtutis
1255 3328 1286 3380 et

332 3413 497 3480 sententiae
518 3411 587 3488 viri,
606 3432 668 3475 nec
691 3424 973 3493 promeruerunta
996 3414 1213 3480 cardinalibus
1233 3418 1284 3480 vel

330 3518 365 3580 in
381 3516 492 3579 osculo
504 3512 612 3596 recipi.
651 3513 883 3595 Angustiantnr
893 3526 925 3579 et
938 3515 987 3578 illi
996 3516 1141 3581 ridentes
1151 3538 1284 3582 cansam

332 3615 453 3681 domini
469 3615 518 3678 sni
531 3614 698 3677 imminere
715 3614 901 3679 discrimini.

376 3716 405 3800 ᾧ.
421 3722 473 3780 20.
497 3718 536 3779 In
552 3715 690 3779 crastino
705 3726 811 3780 tamen
829 3717 961 3781 sedente
977 3718 1108 3782 domino
1124 3741 1210 3804 papa
1224 3713 1283 3804 pro

330 3818 494 3897 tribunali,
507 3818 593 3880 facto
615 3838 771 3880 consessu
794 3818 1017 3898 cardinalium,
1026 3819 1191 3885 advocata
1205 3842 1282 3884 con·

332 3925 435 4000 cione,
445 3920 560 3983 adsunt
573 3919 670 3981 etiam
684 3919 795 3982 nuncii
808 3919 1057 4000 Cantuariensis,
1068 3929 1105 3985 nt
1118 3922 1168 3984 vel
1184 3921 1282 3985 finem

329 4026 483 4092 viderent.
528 4020 803 4103 consurgentibus
823 4021 919 4104 igitur
935 4044 977 4085 ex
997 4023 1129 4087 adverso
1151 4024 1281 4087 nunciis
1351 4051 1354 4054 ⁴
