2864 4598
632 414 808 459 sermons.
1157 403 1201 459 49

243 563 325 626 Sunt
353 561 463 645 etqui
490 569 666 645 sequuntur
695 560 764 644 ejus
790 561 978 637 doctrinam,
1002 582 1062 624 nec
1088 573 1195 624 tamen

240 663 354 728 Petms
369 664 490 727 asinam
503 684 674 746 synagogae
690 665 742 725 vel
756 665 882 747 pullum
900 664 1065 745 gentilium
1082 662 1195 726 timide

238 766 377 850 reliquit,
392 765 450 828 sed
467 786 541 829 cum
556 764 622 827 suis
636 765 735 829 instat
750 765 873 843 fortius,
887 787 928 828 ne
945 766 996 827 rel
1010 767 1070 829 sub
1088 765 1196 846 gladio

239 877 351 951 pereat
374 867 505 930 libertas
531 866 662 950 spiritus
688 867 743 951 qui
767 866 956 930 diffunditur
979 867 1012 928 in
1044 866 1195 931 cordibus

240 971 367 1034 nostris.
412 971 517 1051 Igitur
531 980 567 1033 ut
582 969 767 1052 expeditius
781 970 814 1031 in
836 968 938 1032 stadio
954 992 1083 1034 currens
1099 971 1195 1034 citius

241 1083 273 1135 et
285 1072 402 1135 certius
414 1071 639 1155 apprehendas
651 1079 684 1133 et
694 1071 851 1148 bravium,
862 1073 1022 1136 novacula
1032 1073 1195 1157 patieutiae

240 1174 316 1238 rade
331 1175 461 1257 penitus
477 1174 676 1236 inconsultos
692 1173 791 1236 animi
806 1175 939 1251 calores,
951 1174 984 1236 in
997 1176 1083 1256 virga
1094 1174 1197 1238 direc-

240 1276 338 1340 tionis
353 1276 413 1339 sub
429 1275 629 1342 discretionis
645 1274 791 1367 examine
807 1274 913 1357 pende
929 1287 961 1338 et
976 1275 1197 1359 praepondera,

240 1380 320 1463 quid
336 1379 419 1464 juris
445 1379 531 1460 rigor
556 1377 666 1455 dictet,
693 1378 772 1462 quid
795 1377 928 1469 suadeat
951 1379 1094 1465 aequitas,
1117 1379 1195 1465 quid

238 1480 372 1545 inducat
401 1480 563 1563 iniquitas,
624 1479 748 1542 Dirime
779 1490 811 1542 et
841 1480 987 1564 dirumpe
1024 1481 1197 1565 impietatis

238 1583 429 1656 fasciculos3
453 1604 516 1666 quo
539 1582 641 1664 magis
664 1583 762 1665 plana
783 1603 841 1664 per
856 1592 886 1644 te
903 1582 955 1644 via
974 1583 1195 1665 progrediatur

240 1687 310 1772 ipsa
328 1686 468 1771 justitia,
490 1687 582 1770 cujus
606 1686 753 1750 acumine
778 1699 932 1769 peracuto
954 1689 1060 1770 possis
1084 1687 1194 1750 radere

238 1788 345 1874 siquid
376 1789 526 1871 aemginis
563 1787 767 1851 conscientiae
798 1788 988 1851 intrinsecus
1018 1789 1196 1866 adhaesen't,

238 1913 295 1955 seu
310 1890 428 1955 deforis
443 1891 476 1953 in
492 1890 650 1972 ambiguis
664 1888 742 1973 quid
758 1889 929 1970 contigerit
945 1891 1194 1955 discutiendum.

238 1992 435 2056 Ferventiori
464 2013 539 2054 vero
569 1992 709 2056 caritatis
745 1994 863 2056 affectu
901 1993 1007 2057 sicubi
1037 1993 1195 2057 inveneris

240 2094 349 2157 odium
364 2095 413 2157 vel
433 2092 600 2171 invidiam,
615 2094 720 2156 zelum
736 2105 769 2155 et
784 2094 1032 2169 contentionem,
1048 2096 1194 2179 protinus

240 2194 273 2257 id
288 2197 394 2279 ipsum
409 2217 483 2258 erue
499 2206 532 2258 et
545 2196 673 2276 longius
688 2196 829 2280 projice:
856 2197 1004 2280 quatinus
1019 2198 1193 2262 inveniaris

238 2309 367 2382 paratus
390 2298 431 2361 ad
454 2319 551 2362 onera
565 2298 673 2375 tritici,
689 2298 845 2383 siquando
862 2299 902 2362 de
925 2301 1014 2363 asino
1031 2301 1193 2364 Dominus

239 2422 320 2484 opus
341 2400 498 2477 babuerit,
521 2409 555 2462 ut
579 2421 677 2483 quum
700 2399 837 2464 eductus
859 2401 953 2464 sueris
968 2423 985 2463 e
1003 2403 1139 2466 vinculis
1162 2416 1194 2466 et

239 2503 373 2566 castello
405 2503 620 2566 tribulationis
651 2522 715 2585 quo
746 2503 907 2582 detineris,
934 2505 1074 2568 animam
1105 2518 1193 2570 tuam

240 2605 362 2668 asinam
384 2603 583 2689 subjugalem
607 2603 648 2667 ad
664 2605 760 2668 vitem
780 2604 886 2688 ligans
909 2616 942 2669 et
956 2609 1079 2690 pullum
1102 2631 1195 2673 suum

240 2727 368 2770 carnem
390 2705 581 2769 indomitam
603 2706 644 2768 ad
660 2707 795 2784 vineam,
810 2709 896 2770 lares
917 2729 992 2771 cum
1009 2710 1136 2774 Christo
1159 2712 1192 2774 in

239 2808 314 2870 vino
330 2808 445 2870 stolam
460 2819 558 2885 tuam,
573 2816 606 2869 et
626 2806 659 2868 iu
682 2808 835 2888 sanguine
853 2829 923 2870 uvae
939 2811 1071 2892 pallium
1095 2823 1194 2875 tuum.

242 2909 319 2972 Tibi
340 2909 448 2992 itaque
471 2909 562 2972 asino
585 2929 666 2970 onus
688 2917 721 2969 et
742 2908 840 2989 virga,
863 2921 908 2985 ut,
923 2910 951 2971 si
973 2911 1112 2994 tepescis
1135 2915 1195 2977 sub

240 3033 348 3089 onere,
362 3022 394 3074 te
410 3011 531 3075 excitet
546 3010 635 3091 virga
650 3010 920 3073 comminationis.
966 3012 1018 3073 Ne
1033 3015 1192 3077 aemuleris

237 3113 400 3196 pigritiam
415 3113 497 3176 asini
512 3112 569 3175 sed
584 3111 874 3189 mansuetudinem,
890 3113 965 3196 quia
987 3135 1052 3176 nou
1074 3115 1137 3177 nisi
1159 3117 1193 3179 in

239 3226 405 3278 mansueto
419 3215 509 3278 sedet
522 3215 576 3277 ille
592 3222 786 3277 mansuetus.
832 3215 861 3277 Ο
877 3234 974 3296 quam
988 3217 1059 3280 leve
1077 3217 1193 3302 jugum

239 3328 270 3379 et
296 3338 378 3380 onus
402 3338 497 3380 suave
522 3315 607 3401 quod
631 3326 796 3379 oneratum
819 3329 982 3399 exonerat,
1005 3321 1194 3404 depressum

239 3420 386 3484 sublevat
395 3442 404 3496 ;
427 3419 590 3482 tristitiam
612 3429 713 3483 mutat
728 3429 761 3481 et
775 3419 868 3484 vertit
882 3420 917 3482 in
933 3423 1083 3504 gaudium
1108 3425 1193 3508 quod

237 3543 332 3586 nemo
355 3524 454 3586 tollet.
500 3521 654 3584 Libenter
667 3522 763 3602 igitur
777 3521 819 3584 ad
841 3523 952 3586 horam
974 3526 1095 3588 sustine
1118 3527 1195 3589 insi·

237 3623 372 3706 pientes,
396 3624 514 3709 quibus
537 3623 579 3686 ad
603 3623 824 3705 purgationem
849 3645 958 3687 eorum
982 3626 1037 3710 qui
1059 3626 1194 3691 haeredi-

237 3736 335 3788 tatem
366 3726 496 3809 capient
525 3725 663 3788 filiorum
694 3725 756 3789 Dei
786 3728 942 3809 permissa
972 3740 1021 3791 est
1051 3741 1191 3811 potestat

238 3827 451 3902 tenebrarum,
476 3837 512 3889 ut
537 3826 701 3888 ambulent
727 3827 761 3889 in
789 3828 923 3891 circuitu
946 3850 1011 3890 non
1038 3830 1193 3892 babentes

239 3929 400 4010 requiem;
430 3927 533 3993 donee
554 3930 681 3993 laetatus
705 3928 799 3992 fuerit
818 3930 936 4013 justus,
959 3954 1056 4016 quum
1080 3931 1195 3995 videris

241 4030 417 4094 vindictam
440 4041 472 4093 et
493 4030 605 4095 laverit
627 4052 741 4095 manus
760 4054 835 4096 suas
855 4034 889 4095 in
910 4036 1064 4115 sanguine
1079 4056 1194 4118 pecca·

713 4153 732 4194 n
