2864 4598
238 445 434 524 llus-70]
519 461 616 508 sacr.
633 463 738 508 sasso
754 464 903 511 rawaas.
1146 456 1188 512 2⁷

236 609 409 693 aliquando
425 610 500 692 quia
514 609 617 672 noluit
636 630 695 673 rex
713 611 858 673 osculum
874 610 948 675 dare
964 611 1189 677 cantuariensi

236 712 297 775 sub
319 711 410 794 pacis
431 709 568 774 foedere:
603 710 687 774 sicut
708 731 766 793 per
792 711 944 795 epistolas
967 714 1032 778 suis
1053 714 1087 776 in
1110 715 1190 778 locis

236 812 397 878 ordinatas
416 814 543 896 plenius
562 813 744 877 innotescit.
790 814 843 877 lbi
863 823 969 878 autem
990 817 1036 880 sic
1059 817 1189 881 accidit.

235 915 427 998 Suggestum
446 916 507 980 fuit
520 916 586 998 regi
601 915 727 997 Angliae
743 916 908 979 dominum
925 917 1188 983 cantuariensem

237 1041 296 1082 suo
326 1041 361 1085 se
389 1019 521 1082 arbitrio
551 1019 683 1081 omnino
711 1019 792 1082 velle
820 1020 1028 1098 committere,
1053 1019 1189 1105 ideoque

237 1120 355 1203 gratius
370 1120 439 1206 ejus
454 1121 657 1204 praesentiam
673 1120 720 1184 ibi
735 1123 932 1205 acceptabat.
970 1123 1074 1202 Igitur
1084 1123 1193 1186 multis

128 1221 130 1224 ’
237 1223 401 1306 utriusque
421 1223 512 1305 regni
526 1223 569 1287 ad
583 1222 618 1286 id
634 1222 899 1289 convenientibus
920 1222 963 1286 ad
984 1223 1086 1305 pedes
1107 1224 1192 1306 regis

236 1324 368 1407 Angliae·
376 1324 516 1408 procidit
529 1325 679 1388 domiuus
691 1323 933 1388 cantuariensis
943 1323 1066 1402 dicens,
1075 1324 1192 1389 Totam

237 1447 378 1504 causam,
392 1427 478 1490 unde
500 1427 582 1490 inter
603 1448 664 1490 nos
684 1437 754 1490 orta
776 1436 825 1490 est
845 1425 1014 1505 dissensio,
1028 1438 1083 1490 tuo
1104 1448 1192 1491 com·

237 1531 328 1594 mitto
351 1529 490 1607 arbitrie,
505 1529 626 1592 honore
647 1529 712 1592 Dei
732 1529 830 1592 salvo.
875 1528 994 1592 Audito
1014 1528 1077 1592 hoc
1093 1529 1192 1592 verbo

238 1653 295 1696 rex
307 1632 414 1696 statim
426 1630 602 1696 excanduit
616 1631 768 1714 inquiens
779 1630 846 1711 regi
858 1630 1003 1693 Franciae
1019 1629 1192 1692 “Domine

238 1755 306 1807 rex,
330 1732 458 1796 attende
489 1732 541 1796 his
571 1733 597 1794 si
626 1732 754 1815 placet3
790 1730 944 1815 quicquid
971 1730 1194 1794 Cantuariensi

236 1835 289 1898 isti
319 1834 528 1918 displicuerit,
552 1834 640 1897 dicet
668 1829 782 1896 honori
805 1832 873 1896 Dei
894 1853 965 1895 esse
988 1831 1192 1911 contrarium,

237 1948 270 2000 et
291 1936 338 2000 sic
362 1957 419 2000 sua
441 1945 475 2000 et
496 1957 567 1999 mea
596 1935 705 1999 omnia
733 1934 795 1998 sibi
817 1933 1012 1998 vendicabit.
1064 1932 1129 1997 Sed
1151 1955 1192 1997 ne

239 2039 348 2102 ridear
366 2037 480 2101 honori
499 2038 573 2116 Dei,
589 2040 640 2102 vel
661 2037 723 2100 sibi
746 2036 780 2099 in
803 2038 912 2122 aliquo
932 2037 1014 2100 velle
1035 2036 1193 2111 resistere,

239 2141 309 2203 haec
340 2140 448 2203 offero.
504 2138 602 2201 Multi
631 2138 757 2201 fuerunt
786 2159 877 2221 reges
906 2139 940 2200 in
970 2138 1089 2220 Anglia
1119 2149 1192 2202 ante

238 2264 288 2304 me
310 2241 439 2326 majoris
457 2242 506 2304 vel
526 2242 659 2304 minoris
682 2241 891 2317 auctoritatis
909 2261 1004 2323 quarn
1028 2260 1089 2320 ego
1111 2261 1192 2303 sum.

239 2343 335 2406 Multi
365 2343 493 2407 fuerunt
522 2356 594 2406 ante
625 2363 698 2405 eum
736 2340 970 2425 archiepiscopi
1001 2340 1193 2420 cantuariae,

239 2444 346 2526 magni
376 2453 409 2506 et
439 2444 543 2508 sancti
573 2443 640 2505 viri.
701 2442 797 2515 Quod
826 2442 923 2524 igitur
953 2451 1192 2506 antecessorum

239 2568 366 2610 suorum
382 2545 482 2630 major
496 2556 528 2609 et
544 2545 684 2608 sanctior
704 2546 780 2610 fecit
799 2555 1036 2610 antecessorum
1051 2567 1191 2610 meorum

238 2649 382 2725 minim0‚
396 2649 459 2710 hoc
480 2646 560 2708 mihi
582 2645 678 2708 faciat
692 2656 725 2709 et
740 2645 901 2730 quiesco.’'
945 2647 1194 2711 Acclamabatur

239 2750 401 2834 undiquer
425 2748 544 2813 “Satis
558 2769 616 2812 rex
632 2768 665 2811 se
682 2748 857 2811 humiliat.’'
895 2749 983 2811 Dum
998 2769 1072 2811 vero
1089 2748 1193 2812 archi·

239 2853 411 2938 episcopus
434 2851 667 2934 aliquantulum
699 2848 924 2912 subticuisset:
960 2869 1018 2910 rex
1048 2849 1193 2911 Franciae

240 2955 376 3040 adjecit:
414 2954 434 2986 “
450 2954 592 3016 Domine
628 2949 880 3032 archiepiscope,
910 2950 957 3011 vis
987 2970 1056 3011 esse
1093 2947 1194 3031 major

240 3056 359 3122 sanctis
373 3055 449 3118 viris
465 3056 514 3118 vel
529 3052 643 3117 melior
658 3048 777 3115 Petro?
810 3049 898 3123 Quid
913 3046 1063 3112 dubitas?
1102 3049 1193 3113 Ecce

239 3178 307 3241 pax
335 3177 402 3238 prae
432 3154 580 3218 foribus.”
635 3152 687 3215 Ad
723 3151 794 3214 haec
833 3149 1095 3234 archiepiscopus
1124 3149 1193 3232 regi

241 3257 388 3322 Franciae
403 3256 467 3320 ait:
491 3255 511 3288 “
528 3257 646 3318 Verum
666 3263 726 3329 est,
743 3264 959 3317 antecessores
977 3251 1077 3315 nostri
1092 3253 1192 3316 multo

240 3383 291 3424 me
313 3360 462 3423 meliores
482 3359 619 3434 suerunt,
633 3365 665 3419 et
685 3354 831 3440 majores.
876 3354 1001 3436 Singuli
1016 3354 1112 3418 etiam
1128 3355 1194 3420 suis

241 3463 447 3547 temporibus,
462 3459 523 3524 etsi
542 3481 608 3523 non
630 3459 739 3522 omnia
754 3479 788 3522 se
803 3457 953 3521 adversus
969 3458 1075 3520 Deum
1090 3459 1193 3520 extol-

238 3565 348 3642 lentia,
378 3562 525 3648 quaedam
561 3571 668 3624 tamen
700 3569 897 3652 resecarunt.
951 3559 996 3621 Et
1025 3557 1051 3620 si
1086 3559 1194 3622 omnia

240 3665 393 3729 radicitus
416 3674 492 3727 tunc
515 3661 739 3744 extimassem,
755 3661 827 3742 quis
841 3680 928 3723 nunc
944 3656 1113 3721 adversum
1132 3680 1193 3722 nos

238 3767 347 3849 ignem
369 3764 556 3829 tentationis
577 3761 761 3848 hujusmodi
792 3757 969 3824 excitaret?
1016 3759 1089 3831 Quo
1119 3781 1192 3825 cum

241 3868 304 3931 illis
319 3867 456 3951 probati,
472 3865 561 3946 digni
581 3864 779 3928 inveniamur
801 3862 896 3926 etiam
920 3881 994 3925 cum
1014 3860 1078 3925 illis
1097 3860 1193 3925 laude

242 3980 274 4034 et
288 3969 397 4052 gloria.
442 3967 548 4029 Multo
567 3965 683 4029 melius
696 3964 791 4027 nobis
806 3963 904 4046 igitur
920 3961 992 4026 Deo
1008 3962 1192 4025 consulente

242 4081 349 4136 actum
365 4078 423 4146 est,
438 4076 474 4130 ut
487 4067 570 4132 sicut
589 4067 622 4130 in
643 4086 750 4130 eorum
774 4078 855 4129 sorte
871 4073 904 4129 et
917 4082 1050 4127 numero
1068 4061 1192 4124 labora·
