2864 4598
307 458 348 517 28
605 469 679 514 vira
695 469 811 514 seueri
827 470 953 514 raons
1170 453 1215 530 [A.
1229 471 1260 513 o.

310 619 423 694 vimus,
437 616 482 678 ita
501 628 534 678 et
553 616 679 679 illorum
701 616 819 679 laboris
841 624 874 679 et
896 615 1021 699 praemii
1042 616 1141 678 simus
1163 615 1261 698 parti-

309 719 407 801 cipes.
453 719 524 780 Nec
540 718 567 780 si
583 719 698 802 aliquis
713 739 821 781 eorum
840 719 920 780 forte
937 719 1041 800 tepuit
1056 718 1106 779 vel
1121 716 1263 781 excessit

309 823 343 884 in
360 820 479 903 aliquo,
493 818 562 903 ejus
576 821 610 882 in
625 821 687 884 hoc
702 820 822 902 teporis
836 821 888 883 vel
908 840 1060 882 excessus
1076 819 1263 902 exemplum

310 923 401 1004 sequi
423 933 576 985 tenemur.
620 922 749 985 Petrum
771 921 887 984 etenim
908 921 1069 984 Christum
1090 932 1263 1003 negantem

309 1025 480 1106 arguimus,
495 1023 552 1086 sed
567 1024 694 1087 Petrum
711 1044 812 1106 usque
829 1023 862 1084 in
878 1022 993 1105 capitis
1015 1023 1064 1085 sui
1084 1022 1263 1106 peliculum

310 1115 448 1190 Neronis
476 1128 631 1210 impetum
661 1136 846 1207 arguentem
871 1126 1019 1188 omnibus
1048 1125 1152 1188 modis
1174 1146 1263 1187 com·

310 1229 508 1291 mendamus.
553 1228 639 1316 Sane
663 1229 739 1310 quia
761 1228 875 1290 Petrus
898 1228 928 1291 ei
951 1227 1130 1291 consentire
1158 1226 1265 1290 noluit

310 1331 344 1392 in
363 1351 413 1406 eu,
430 1327 515 1412 quod
537 1339 569 1391 et
588 1328 789 1393 dissimulare
811 1330 878 1392 sine
899 1329 1013 1392 animae
1034 1350 1099 1392 suae
1119 1328 1263 1412 periculo

309 1455 376 1496 non
391 1432 505 1516 potuit,
519 1431 642 1495 idcirco
656 1431 860 1495 inimicorum
876 1432 977 1496 victor
998 1432 1033 1494 iu
1054 1452 1149 1494 carne
1166 1452 1264 1494 occu·

309 1534 391 1597 buit.
421 1532 477 1594 Ex
494 1531 610 1594 talibus
624 1532 780 1614 pressuris
795 1532 954 1595 catholica
968 1531 1103 1595 surrexit
1118 1541 1151 1593 et
1164 1531 1264 1594 crevit
1329 1575 1337 1596 r

309 1635 456 1698 ecclesia.
501 1634 613 1696 Patres
640 1634 739 1696 nostri
769 1634 855 1716 passi
886 1643 970 1711 sunt,
993 1632 1071 1716 quia
1092 1633 1263 1695 noluerunt

310 1758 427 1800 nomen
454 1734 575 1798 Christi
600 1735 770 1813 subticere,
792 1747 824 1797 et
845 1756 916 1816 ego,
938 1746 972 1797 ut
996 1734 1136 1797 hominis
1162 1733 1263 1815 gratia

310 1839 391 1902 mihi
401 1837 593 1913 restituatur,
603 1836 721 1900 Christi
733 1837 886 1898 honorem
900 1836 1036 1899 debeam
1047 1831 1260 1919 supprimere?

310 1939 416 2016 Absit,
430 1938 483 2012 ait,
498 1935 611 2001 absit.’'
652 1937 900 1999 Insurrexerunt
913 1936 1021 2019 itaque
1036 1935 1069 1998 in
1086 1957 1158 1998 eum
1174 1956 1262 2016 mag-

309 2051 401 2103 nates
423 2039 587 2119 utriusque
608 2037 710 2118 regni,
732 2037 927 2121 imputantes
949 2037 1135 2118 arrogantiae
1159 2037 1261 2100 archi·

311 2139 456 2223 episcopi
470 2137 736 2222 impedimentum
751 2140 856 2221 pacis:
882 2160 945 2200 uno
961 2139 1042 2201 inter
1054 2139 1134 2202 alios
1146 2139 1263 2202 comite

309 2242 416 2323 palam
427 2250 632 2324 protestante,
643 2240 745 2324 “quia
754 2240 993 2303 Cantuariensis
1003 2240 1264 2324 archiepiscopus

309 2341 474 2424 utriusque
488 2341 578 2422 regni
589 2342 724 2404 consilio
740 2352 773 2404 et
788 2340 942 2403 voluntati
953 2340 1080 2419 resistit,
1092 2340 1132 2403 de
1145 2351 1263 2404 caetero

310 2442 454 2504 neutrius
475 2441 594 2521 dignus
613 2441 671 2504 erit
691 2441 822 2519 auxilio,
844 2441 901 2504 sed
922 2442 1058 2527 ejectum
1082 2443 1122 2505 ab
1145 2442 1265 2523 Anglia

310 2541 447 2605 Francia
460 2563 526 2603 non
542 2541 663 2624 recipia
678 2540 708 2601 .'’

356 2640 386 2726 d.
404 2647 455 2704 32.
486 2641 597 2705 Soluto
621 2643 783 2724 colloquio
805 2665 870 2706 uon
893 2645 962 2708 sine
984 2647 1155 2708 multorum
1179 2666 1264 2708 mur-

312 2767 400 2808 mure
414 2744 534 2809 reditur
554 2744 595 2807 ad
614 2747 754 2829 propria,
770 2745 959 2811 coexulibus
976 2748 1262 2812 cantuariensibus

310 2837 488 2910 insumma
508 2846 729 2930 desperatione
750 2848 874 2931 positis.
920 2849 1135 2912 Consueverat
1155 2860 1264 2912 autem

310 2972 368 3014 rex
390 2951 534 3013 Franciae
563 2961 636 3032 post
658 2951 785 3032 singula
813 2950 999 3035 hujusmodi
1030 2951 1193 3034 colloquia
1222 2949 1264 3014 ad

312 3051 550 3117 Cantuariensis
585 3051 759 3136 hospitium
796 3051 1003 3131 descendere,
1032 3051 1264 3116 consolationis

312 3155 445 3217 obtentu
461 3163 493 3215 et
507 3154 701 3216 reverentiae.
747 3153 840 3216 Tunc
863 3164 969 3217 autem
989 3176 1062 3217 eum
1078 3176 1139 3218 nec
1154 3175 1262 3237 perse

310 3273 370 3314 nec
387 3273 444 3333 per
458 3272 533 3313 suos
544 3252 594 3313 vel
608 3253 761 3335 respexit.
806 3254 885 3316 Tres
901 3254 997 3335 igitur
1012 3254 1115 3317 dietas
1129 3255 1162 3316 in
1178 3253 1262 3335 regis

312 3354 453 3417 Franciae
476 3353 629 3415 comitatu
650 3354 695 3417 ita
717 3356 841 3419 transiit
857 3356 944 3440 quod
965 3379 1024 3420 nec
1049 3357 1183 3420 adeum
1205 3377 1264 3419 rex

311 3455 362 3517 vel
385 3453 466 3517 alius
488 3474 530 3515 ex
553 3474 611 3515 sua
631 3463 720 3536 parte
744 3457 890 3530 accessit,
913 3467 946 3519 et
968 3479 1066 3541 quum
1088 3458 1122 3520 in
1145 3458 1264 3521 talibus

311 3556 448 3638 negotiis
471 3555 620 3618 dominus
642 3557 884 3620 Cantuariensis
914 3560 1028 3622 solitus
1054 3560 1113 3623 fuit
1134 3581 1154 3622 a
1174 3556 1270 3640 regia

311 3658 497 3721 liberalitate
527 3658 699 3741 procurari,
721 3673 795 3743 post
822 3659 905 3723 illud
930 3662 1130 3743 colloquium
1152 3670 1184 3723 et
1205 3682 1264 3744 per

310 3760 345 3823 id
368 3759 455 3843 quod
477 3758 617 3822 diximus
639 3761 778 3842 spatium
801 3761 918 3825 exinde
940 3762 1021 3824 nihil
1044 3763 1174 3825 omniuo
1200 3763 1264 3825 sibi

312 3863 372 3925 tirit
408 3861 595 3924 exhibitum.
650 3862 833 3945 Aliquando
871 3865 957 3926 enim
994 3865 1028 3926 in
1065 3864 1262 3928 transeundo

312 3965 477 4029 Senonum
514 3965 799 4047 archiepiscopus:
839 3966 1012 4049 aliquando
1049 3966 1262 4031 Pictaviensis

311 4069 494 4152 episcopus,
504 4069 554 4130 vel
566 4067 680 4151 aliquis
692 4068 773 4130 alius
789 4089 885 4150 super
900 4068 967 4152 ejus
982 4069 1109 4132 miseria
1125 4069 1263 4133 afflictus
