2864 4598
237 428 256 483 2
537 435 611 480 vrrs
627 437 742 482 sancrr
759 436 887 481 runnu
1107 418 1151 497 [Α.
1162 436 1194 478 o.

237 596 272 647 ut
295 584 351 667 qui
378 581 538 645 desiderat
559 594 591 645 et
617 582 659 645 ad
681 581 715 644 id
738 582 867 659 sufficit,
889 590 990 644 totum
1013 582 1141 655 habeat,
1167 581 1195 642 si
1294 592 1296 594 ’

236 685 310 768 quis
329 685 425 747 vitam
446 684 515 761 viri,
530 684 661 747 modum
683 684 784 757 exilii,
802 706 908 748 causae
930 705 1128 766 processum,
1142 685 1194 746 vel
1241 747 1244 750 a

236 786 339 869 ipsius
363 787 409 849 rei
434 786 566 869 requirit
590 787 722 849 exitum.
767 786 925 870 Epistolae
953 809 1025 849 vero
1051 788 1136 848 vario
1162 795 1195 848 et

239 887 384 970 disperso
400 908 456 970 per
472 885 644 950 schedulas
661 888 804 950 collectae
822 908 938 969 corpus
960 887 1146 969 rediguntur
1160 888 1194 948 in

240 1011 348 1067 unum,
363 989 447 1052 siout
462 1010 518 1072 pro
534 988 630 1051 modo
647 1010 704 1051 suo
720 988 789 1051 fieri
804 989 919 1071 potuit,
935 989 1067 1070 singulae
1083 991 1194 1052 locum

240 1113 332 1154 suum
358 1091 529 1154 retinentes
554 1100 587 1152 et
612 1089 769 1152 ordinem.
815 1090 850 1152 Si
880 1099 987 1153 tamen
1018 1092 1196 1171 generales,

241 1215 313 1277 quae
343 1193 449 1255 minus
479 1193 586 1274 ipsum
621 1192 806 1274 exprimunt
840 1194 1016 1274 negotium,
1046 1194 1195 1276 quaedam

240 1293 408 1355 videantur
422 1292 512 1354 aliter
525 1291 647 1374 positae,
664 1292 769 1373 quoad
786 1293 830 1356 rei
847 1294 959 1356 seriem
975 1316 1040 1357 non
1058 1295 1196 1357 multum

241 1393 363 1456 attinet.
410 1393 493 1456 Sane
510 1391 536 1454 si
553 1392 624 1475 quis
645 1394 821 1476 exquisitas
837 1405 868 1457 et
884 1394 1045 1458 discussas
1067 1395 1195 1478 plenius

240 1494 328 1578 ipsas
351 1495 502 1578 epistolas
525 1493 718 1575 diligentiori
745 1519 840 1570 manu
867 1498 1004 1580 potuerit
1027 1499 1195 1560 reformare

241 1597 274 1657 in
291 1596 414 1674 melius,
429 1617 493 1658 non
511 1595 570 1657 erit
585 1595 639 1678 qui
655 1595 805 1660 invideat.
852 1597 1024 1660 Distinctae
1035 1608 1109 1660 sunt
1121 1618 1195 1659 vero

241 1719 301 1782 per
323 1707 430 1779 partes
461 1695 637 1760 secundum
667 1719 853 1780 processum
878 1699 1008 1779 negotii.
1053 1700 1196 1771 Quarum

241 1800 344 1884 prima
365 1821 438 1883 pars
461 1798 606 1861 continet
623 1799 663 1861 ab
683 1800 774 1862 initio
790 1801 880 1862 exilii
900 1800 1059 1884 usquead
1078 1799 1196 1863 adven·

242 1911 309 1964 tum
319 1900 474 1964 Willelmi
490 1910 522 1962 et
537 1900 666 1962 Ottonis
681 1901 901 1964 cardinalium.
940 1902 1039 1979 Quid,
1055 1901 1198 1984 quando,

243 2003 309 2079 ubi,
331 2002 382 2063 vel
404 2021 459 2063 ver
481 2020 563 2082 quos
587 2009 694 2062 actum
719 2001 824 2078 fuerit,
850 2023 907 2085 per
931 2003 1018 2085 ipsas
1042 2002 1196 2085 epistolas

242 2101 371 2186 plenius
386 2101 575 2162 innotescet.
621 2099 773 2163 Secunda
793 2121 868 2184 pars
886 2100 1004 2164 abillis
1027 2101 1197 2165 cardinali-

242 2204 304 2265 bus
326 2221 428 2284 usque
455 2199 497 2262 ad
522 2200 713 2263 Gratianum
739 2213 771 2264 et
798 2202 979 2265 Vivianum.
1025 2202 1054 2264 A
1077 2202 1197 2285 quibus

243 2305 337 2368 tertia
350 2324 424 2387 pars
443 2323 546 2386 usque
566 2302 609 2366 ad
633 2303 796 2367 Simonem
817 2304 954 2387 priorem
971 2304 1010 2368 de
1031 2306 1112 2368 valle
1132 2305 1197 2368 Dei

244 2415 276 2470 et
290 2404 489 2496 Bemardum
505 2402 545 2466 de
561 2403 680 2468 Corilo.
724 2406 775 2468 Ab
790 2406 855 2469 illis
870 2407 963 2470 etiam
987 2418 1100 2491 quarta
1121 2430 1196 2491 pars

244 2506 407 2592 usquead
430 2508 607 2569 Rotrocum
622 2508 892 2590 Rotomagensem
918 2510 1196 2593 archiepiscopum

245 2620 278 2673 et
312 2604 511 2672 Bemardum
547 2607 779 2671 Nivemensem
815 2611 1022 2694 episcopum:
1065 2611 1197 2676 demum

245 2712 342 2775 etiam
375 2709 575 2772 Willelmum
614 2710 844 2788 Senonensem,
879 2734 964 2776 nunc
1003 2713 1198 2778 Remensem

245 2811 531 2895 archiepiscopum.
586 2810 707 2882 Quinta
743 2813 887 2875 eontinet
923 2814 1127 2877 concordiam
1165 2825 1198 2878 et

245 2914 432 3001 passionem
465 2911 566 2996 ipsius
600 2912 746 2994 martyris
780 2923 813 2976 et
850 2916 1129 2980 canonizationem
1165 2928 1199 2980 et

244 3015 391 3080 ecclesiae
407 3013 528 3077 Christi
542 3013 845 3076 reconciliationem.

289 3118 330 3178 In
341 3115 463 3198 ¹quibus
478 3115 608 3177 sedulus
622 3116 724 3178 lector
739 3126 771 3178 et
786 3115 919 3180 devotus
934 3118 992 3181 viri
1007 3119 1070 3181 Dei
1085 3119 1197 3202 imagi-

246 3237 321 3279 nem
331 3215 473 3278 inveniet
484 3215 611 3296 plenius
623 3214 792 3298 depictam.
837 3219 974 3302 Insuper
984 3241 1116 3303 operum
1128 3222 1199 3305 ejus

246 3317 379 3397 vestigia
401 3317 427 3379 si
449 3316 529 3378 libet
549 3317 749 3399 perscrutari,
774 3318 821 3381 ibi
843 3320 984 3385 inveniet
1006 3322 1106 3404 digito
1134 3325 1198 3386 Dei

248 3419 433 3483 fabricatam
448 3439 603 3480 armorum
626 3420 764 3500 copiam.
809 3422 861 3484 lbi
884 3435 1033 3505 poterunt
1049 3426 1198 3490 sacerdo-

247 3522 321 3585 talis
336 3519 476 3602 dignitas
491 3530 523 3582 et
537 3521 707 3584 auotoritas
726 3522 917 3607 episcopalis
936 3528 970 3590 in
992 3549 1058 3592 suae
1080 3529 1200 3593 militiae

249 3623 382 3706 speculo
412 3643 482 3686 sese
508 3643 749 3704 recognoscere,
779 3637 815 3689 ut
844 3629 1032 3713 obsequium
1061 3630 1200 3695 reddant

250 3725 370 3790 Caesari
392 3723 545 3803 debitum,
567 3738 599 3789 et
625 3726 697 3789 Deo
720 3727 884 3791 honorem.
929 3732 1000 3795 Nec
1028 3753 1110 3816 opus
1141 3733 1201 3797 erit

249 3825 386 3909 amplius
411 3825 540 3906 longius
562 3827 698 3908 evagari,
724 3839 760 3891 ut
784 3842 905 3913 quaerat
929 3834 1011 3916 quiS,
1036 3835 1200 3917 quomodo

250 3927 397 3992 ecclesiae
425 3927 554 3991 libertas
591 3928 708 3992 debeat
741 3929 909 3996 defensari.
955 3936 1017 3999 Per
1046 3937 1200 4020 epistolas

247 4031 351 4114 ipsius
366 4029 512 4113 martyris
527 4029 586 4093 iter
600 4043 776 4111 recenseat,
792 4046 824 4098 et
839 4035 944 4099 statim
960 4049 1106 4102 occurret
1121 4038 1201 4123 quid
