2864 4598
329 431 371 488 30
626 441 701 488 vira
718 441 834 488 sanem
850 442 978 488 rnonn
1186 427 1231 509 [a.
1249 449 1279 492 n.

326 590 419 653 solito
442 589 695 672 archiepiscopo.
742 589 838 663 Quod
860 589 978 653 sactum
1001 599 1049 652 est
1073 591 1113 654 iis
1135 591 1169 654 iu
1191 592 1280 675 prin-

324 691 409 774 cipio
423 690 512 753 triste
526 692 728 774 praesagium.
774 690 1024 756 considentibus
1039 693 1104 756 illis
1119 703 1150 756 et
1172 693 1280 758 adhuc

325 792 433 875 tepide
456 794 587 868 voeatis,
611 794 731 857 diutius
760 794 846 858 facto
877 795 1016 873 silentio,
1037 817 1095 858 rex
1124 797 1280 860 inclinato

325 895 442 978 capite,
464 896 555 979 quasi
577 893 692 958 dolens
713 905 747 959 et
774 896 894 960 invitus
917 898 1073 979 cogitaret
1098 907 1133 961 ut
1161 919 1218 962 eos
1241 899 1281 963 de

325 1018 422 1079 regno
446 997 585 1082 ejiceret,
607 1007 641 1062 et
661 996 727 1060 illis
748 995 784 1059 id
806 997 913 1081 ipsum
939 999 1136 1076 timentibus,
1158 1001 1293 1064 obortis>

324 1099 474 1182 lacrymis
487 1098 654 1182 prosiliens
670 1119 744 1162 cum
759 1099 899 1180 singultu
914 1098 1053 1183 projecit
1067 1121 1101 1164 se
1116 1100 1157 1164 ad
1176 1103 1280 1184 pedes

324 1199 446 1262 domini
463 1199 714 1277 Cantuariensis,
730 1200 979 1282 obstupentibus
994 1198 1045 1261 his
1066 1200 1123 1282 qui
1139 1201 1281 1265 aderant.

323 1301 577 1384 Archiepiscopo
589 1320 665 1363 rero
675 1321 709 1363 se
721 1301 897 1364 inclinante
910 1300 951 1364 ad
962 1300 1148 1382 erigendum
1159 1323 1279 1384 regem,

323 1404 379 1465 vix
408 1401 538 1467 tandem
567 1422 623 1464 rex
650 1401 691 1464 ad
718 1422 752 1465 se
778 1422 921 1465 reversus
950 1423 1016 1485 prae
1042 1404 1190 1485 angustia
1215 1406 1277 1468 ait:

322 1505 343 1537 “
360 1507 451 1583 Vere,
481 1504 610 1569 domine
647 1505 690 1567 mi
720 1516 810 1588 pater
840 1503 1090 1582 Cautuariensis,
1120 1514 1154 1566 tu
1191 1509 1279 1570 solus

323 1606 459 1669 vidisti?
517 1607 563 1669 Et
592 1607 756 1689 suspirans
786 1627 852 1689 prae
882 1626 1018 1668 moerore
1056 1607 1277 1688 congeminat:

323 1708 343 1740 “
358 1710 453 1786 Vere,
472 1719 562 1792 pater
581 1709 637 1783 mi,
658 1716 694 1770 tu
716 1709 803 1770 solus
821 1706 948 1771 vidisti:
983 1727 1044 1770 nos
1066 1729 1179 1772 omnes
1196 1711 1279 1774 coeci

323 1809 451 1883 fuimus,
468 1810 523 1893 qui
544 1820 655 1872 contra
671 1809 778 1871 Deum
798 1807 858 1870 tibi
881 1806 1029 1871 dedimus
1049 1810 1217 1873 consilium
1242 1824 1279 1874 ut

324 1912 359 1973 in
374 1932 471 1975 eausa
485 1923 551 1987 tua,
565 1912 665 1973 immo
681 1911 757 1989 Dei,
772 1910 814 1973 ad
830 1920 944 1973 nutum
968 1909 1108 1974 hominis
1123 1911 1277 1976 honorem

324 2013 389 2076 Dei
403 2013 588 2077 remitteres,
633 2012 792 2088 Poeniteo,
808 2023 911 2095 pater,
926 2023 958 2076 et
973 2013 1109 2094 graviter
1122 2015 1276 2096 poeniteo.

323 2118 463 2198 Ignosce
483 2136 571 2195 ergo,
585 2125 618 2178 et
640 2115 681 2178 ab
696 2115 759 2178 hac
776 2116 874 2198 culpa
893 2136 945 2178 me
965 2116 1116 2178 miserum
1135 2118 1277 2180 absolve.

323 2216 388 2280 Sed
410 2226 442 2280 et
456 2219 529 2280 Dec
552 2227 584 2279 et
605 2216 665 2279 tibi
687 2237 738 2279 me
760 2216 866 2299 ipsum
889 2225 922 2279 et
941 2236 1074 2297 regnum
1092 2237 1199 2280 meum
1217 2239 1277 2282 ex·

321 2341 420 2402 pono,
435 2328 467 2382 et
481 2319 522 2382 ab
537 2318 598 2381 hac
615 2317 694 2380 hora
707 2317 868 2400 promitto,
883 2316 971 2400 quod
986 2317 1046 2380 tibi
1061 2319 1112 2380 vel
1126 2318 1191 2382 tuis
1209 2340 1276 2381 non

323 2420 429 2497 deero,
450 2419 604 2502 quamdiu
626 2418 698 2480 Deo
728 2429 858 2480 auctore
881 2416 1019 2480 vixero?
1063 2419 1155 2500 Rege
1181 2418 1278 2501 igitur

323 2521 482 2598 absoluto,
511 2518 649 2602 dataque
683 2520 713 2581 ei
748 2518 987 2597 benedictione,
1017 2519 1277 2605 archiepiscopus

324 2621 461 2685 Senouis
482 2640 646 2702 regressus
669 2631 718 2684 est
740 2641 814 2684 cum
837 2620 903 2683 suis
923 2621 955 2683 in
976 2620 1104 2702 gaudio,
1124 2622 1179 2684 ubi
1203 2643 1276 2686 eum

320 2743 378 2787 rex
401 2722 546 2786 Franciae
567 2723 715 2804 regaliter
736 2720 886 2786 exhibuit
907 2743 1009 2806 usque
1032 2722 1074 2786 ad
1097 2744 1274 2805 regressum

322 2825 392 2911 ejus
406 2826 439 2889 in
455 2825 614 2906 Angliam.
1330 2823 1335 2833 '

366 2925 396 3010 ᾗ.
412 2933 463 2992 35.
487 2928 559 3004 Quo
583 2927 693 2991 audito
719 2947 776 2990 rex
799 2925 925 3007 Angliae
953 2926 1020 3008 regi
1047 2927 1193 2991 Franciae
1220 2927 1275 2992 de-

321 3032 453 3097 mandat
468 3053 503 3095 se
518 3031 623 3094 mirari
638 3030 811 3114 plurimum
828 3027 990 3112 quomodo
1006 3029 1058 3092 vel
1073 3050 1138 3113 qua
1153 3031 1275 3094 ratione

321 3135 361 3199 de
386 3135 459 3219 jure
481 3145 592 3218 posset
621 3144 731 3196 contra
760 3153 833 3194 eum
856 3131 961 3195 fovere
983 3131 1276 3214 archiepiscopum,

321 3257 420 3318 quum
437 3237 471 3297 in
493 3234 596 3317 ipsius
610 3233 695 3312 regis
710 3235 882 3314 praesentia
896 3233 968 3316 ipse
984 3254 1018 3296 se
1033 3232 1079 3296 ita
1093 3233 1276 3314 humiliarit,

320 3336 363 3400 ad
378 3357 504 3398 omnem
525 3343 655 3417 paratus
672 3332 840 3416 justitiam,
855 3355 916 3397 nee
940 3355 998 3417 per
1014 3335 1120 3418 ipsum
1143 3336 1275 3415 steterit,

321 3437 493 3522 quominus
520 3435 760 3499 cantuariensis
788 3436 1050 3519 archiepiscopus
1080 3456 1195 3519 pacem
1219 3437 1275 3501 ha-

320 3542 418 3617 beret,
433 3560 527 3623 quarn
550 3538 620 3623 ipse
643 3549 825 3618 arroganter
846 3548 879 3601 et
900 3537 1131 3603 contumeliose
1153 3538 1274 3623 rejecit.

320 3642 480 3715 Quocirca
502 3641 546 3704 ait
573 3661 680 3722 regem
705 3641 847 3704 Franciae
869 3640 927 3702 tali
954 3637 996 3703 de
1019 3649 1136 3703 caetero
1158 3641 1192 3702 in
1215 3661 1273 3705 suo

319 3765 419 3826 regno
440 3765 508 3806 non
529 3743 648 3806 debere
671 3753 820 3825 praestare
841 3740 1032 3819 subsidium,
1046 3742 1081 3804 in
1102 3741 1153 3804 sui
1168 3742 1275 3806 fidelis

317 3844 527 3928 ignominiam
543 3852 577 3906 et
590 3844 747 3905 ruborem.
784 3841 836 3904 Ad
850 3841 922 3904 haec
937 3862 996 3904 rex
1008 3842 1155 3906 Franciae
1166 3844 1273 3927 inquit
1293 3895 1295 3901 ,

317 3947 464 4011 nunciis:
496 3946 516 3978 “
535 3945 585 4009 Ite
613 3945 680 4027 regi
701 3955 806 4008 vestro
828 3943 1031 4023 nunciantes,
1055 3944 1142 4028 quod
1165 3945 1192 4010 si
1214 3967 1272 4010 rex

317 4050 443 4131 Angliae
454 4047 703 4112 consuetudines
715 4047 815 4110 avitas
830 4067 909 4129 quas
924 4047 1139 4123 vocant,licet
1152 4047 1273 4125 minus,
