2864 4598
314 442 355 499 20
613 449 686 494 vrrs
704 449 819 495 sancrr
836 448 963 493 ruourn
1180 427 1224 507 [r.
1240 447 1275 490 n,

318 598 530 664 sacerdotium
548 608 657 659 mutuo
673 595 912 678 congauderent
927 593 968 657 ad
983 594 1120 657 invicem
1144 594 1218 677 paci
1232 605 1272 655 et

319 698 500 764 concordiae
514 700 575 761 sub
590 698 735 782 principe
750 699 847 773 bono,
862 706 895 758 et
909 703 1035 779 pastore
1052 695 1184 777 optimo.
1208 693 1271 757 Est

318 801 415 882 igitur
430 801 500 863 haec
514 809 623 863 nostra
644 799 846 883 supplicatio,
861 809 897 860 ut
916 797 958 860 ad
980 795 1152 859 tollendam
1175 796 1271 859 istem

318 900 561 979 dissensionem,
583 900 677 964 etad
700 900 792 985 pacis
817 909 849 962 et
874 899 990 961 amoris
1014 898 1271 961 reformationem

319 1004 397 1067 velit
411 1013 515 1068 vestra
529 1005 631 1085 gratia
643 1003 809 1083 invigilare
830 1001 1010 1087 attentius.'’
1055 1001 1138 1063 Haec
1160 1001 1271 1084 itaque

320 1126 428 1168 comes
453 1104 622 1185 eleganter,
649 1103 706 1166 sed
735 1103 769 1165 in
800 1123 858 1165 sua
885 1102 996 1181 lingua
1022 1101 1197 1185 proposuit,
1226 1101 1274 1163 ita

319 1206 408 1291 quod
432 1205 643 1269 communiter
664 1206 705 1267 ab
728 1205 877 1267 omnibus
898 1204 967 1290 ejus
989 1203 1161 1285 plurimum
1183 1224 1271 1265 com·

319 1308 524 1371 mendaretur
539 1306 681 1369 modesta
696 1305 856 1370 discretio.

363 1404 393 1489 §.
409 1413 461 1471 23.
484 1408 548 1470 His
563 1408 657 1470 etiam
674 1405 821 1469 dominus
844 1429 929 1492 papa
948 1407 1151 1489 invigilanter
1165 1407 1270 1470 inten-

320 1510 399 1573 dens
422 1509 606 1592 respondit:
630 1510 650 1541 “
667 1509 805 1586 Scimus,
827 1508 873 1571 fili
897 1531 1015 1587 comes,
1037 1521 1070 1573 et
1091 1507 1270 1573 memoriter

317 1613 488 1676 recolimus
510 1633 551 1676 ex
575 1621 694 1695 quanta
717 1610 885 1674 devotione
907 1632 964 1674 rex
988 1611 1116 1691 Angliae
1132 1611 1271 1695 plurima

318 1725 350 1777 et
364 1715 501 1795 largiora
514 1716 609 1776 nobis
625 1714 792 1777 contulerit
807 1712 977 1791 beneficia,
992 1714 1045 1776 cui
1061 1713 1135 1777 data
1152 1733 1269 1796 oppor-

318 1815 461 1893 tunitate,
484 1825 637 1899 quantum
662 1837 735 1877 cum
762 1814 834 1876 Deo
858 1815 1033 1896 poterimus
1055 1814 1088 1876 in
1113 1812 1270 1877 desiderio

318 1918 433 1981 animae
456 1917 613 1980 habemus
638 1916 840 1998 promeritis
866 1916 1076 2000 respondere3
1110 1915 1167 1979 sed
1194 1915 1270 1998 quia

316 2018 439 2097 legatos
462 2018 656 2099 postulastis,
682 2016 841 2080 habebitis
867 2029 899 2080 et
921 2017 1072 2099 legatos.'’
1116 2017 1270 2081 Osculato

315 2117 398 2200 pede
421 2118 541 2182 domini
564 2140 657 2203 papae
680 2118 813 2201 proinde
834 2130 1030 2183 recesserunt
1050 2119 1215 2182 credentes
1235 2139 1269 2181 se

316 2219 491 2284 obtinuisse
512 2222 547 2283 in
570 2242 678 2299 causa,
693 2243 731 2284 eo
755 2221 886 2305 quidem
907 2222 993 2305 quod
1016 2244 1105 2306 spem
1128 2223 1190 2285 sibi
1212 2221 1269 2284 da·
1309 2220 1315 2230 ’

315 2323 393 2386 bant
415 2323 592 2387 cardinales
614 2344 708 2406 posse
736 2323 917 2406 corrumpi3
950 2323 1024 2386 ideo
1051 2345 1093 2386 ex
1120 2324 1267 2410 consulto

314 2422 409 2487 rediit
423 2425 661 2488 Londoniensis
676 2425 840 2509 inquirens
855 2447 874 2488 a
889 2424 1020 2488 domino
1041 2447 1124 2510 papa
1145 2425 1179 2488 in
1204 2446 1267 2508 qua

315 2537 470 2608 potestate
501 2526 644 2589 venirent
674 2526 861 2589 cardinales
906 2527 926 2557 “
943 2528 983 2588 In
1010 2526 1136 2590 debita'’
1162 2527 1268 2610 inquit

316 2626 465 2690 dominus
486 2648 581 2710 papa.
626 2629 646 2659 “
664 2629 785 2690 lmm0”
802 2628 846 2690 ait
866 2627 1016 2691 dominus
1031 2628 1267 2692 Londoniensis

314 2728 377 2791 “id
393 2730 531 2813 petimus
547 2740 582 2793 ut
596 2732 723 2814 possint
734 2753 863 2796 causam
875 2732 1037 2811 decidere,
1051 2735 1266 2818 appellatione

315 2834 464 2895 remota.’'
509 2835 528 2866 “
545 2835 628 2897 Haec
651 2834 717 2896 est”
730 2834 838 2918 inquit
860 2833 1008 2898 dominus
1031 2858 1116 2920 papa
1131 2838 1151 2871 “
1168 2839 1267 2918 gloria

314 2954 397 3012 mea,
413 2955 508 3018 quam
525 2935 614 2997 alteri
635 2956 701 2998 non
718 2934 821 3011 dabo;
845 2946 877 2998 et
892 2947 988 3013 certe,
1003 2958 1099 3020 quum
1115 2936 1266 3021 judican-

316 3032 376 3095 dus
399 3032 502 3111 fuerit,
524 3055 543 3096 a
565 3035 657 3096 nobis
674 3034 882 3118 judicabitur,
906 3036 982 3119 quia
1004 3038 1092 3099 nulla
1116 3036 1269 3120 permittit

315 3133 405 3211 ratio,
421 3146 456 3197 ut
477 3156 550 3197 cum
572 3137 606 3198 in
629 3137 777 3216 Angliam
800 3137 996 3201 remittamus
1017 3141 1058 3202 ab
1081 3137 1266 3201 adversariis

316 3244 349 3296 et
361 3234 444 3296 inter
458 3233 606 3297 inimicos
615 3233 857 3319 judicandum.’'

360 3336 445 3398 Haec
461 3334 595 3398 audiens
614 3357 688 3418 pars
710 3336 852 3422 adversa,
866 3339 1012 3403 frustrata
1032 3362 1089 3424 spe
1104 3360 1199 3423 quam
1214 3360 1267 3402 ac·

318 3448 457 3519 ceperat,
473 3437 604 3499 recessit
616 3436 789 3519 indignans
804 3439 883 3522 quid
905 3443 1061 3526 receperit
1081 3442 1114 3504 in
1135 3461 1266 3523 respon-

317 3539 360 3602 sis
375 3537 506 3602 domino
521 3539 587 3620 regi
602 3540 834 3603 renunciatura.

362 3636 391 3721 ᾗ.
408 3645 460 3702 24.
484 3640 548 3702 His
572 3641 616 3705 ita
642 3643 739 3723 gestis
766 3644 913 3722 Senonis,
935 3647 982 3709 ibi
1004 3646 1091 3709 enim
1119 3645 1267 3709 dominus

317 3763 403 3826 papa
416 3742 487 3819 suit,
502 3753 535 3806 et
549 3742 612 3806 illis
634 3743 852 3824 redeuntibus,
867 3745 1014 3811 dominus
1030 3747 1267 3812 cantuariensis

318 3867 391 3910 cum
408 3845 473 3908 suis
487 3847 624 3910 accessit
638 3847 679 3908 ad
695 3849 825 3925 curiam,
840 3849 948 3932 tepide
964 3851 1093 3934 quidem
1109 3862 1267 3934 exceptus

317 3969 337 4011 a
352 3946 578 4026 cardinalibus,
590 3970 723 4032 quorum
739 3952 1010 4014 naresodorlucri
1021 3964 1161 4034 quaestus
1172 3973 1270 4016 causa

316 4051 478 4128 infecerat,
494 4048 534 4112 ad
549 4049 670 4112 domini
693 4073 787 4135 papae
810 4065 916 4117 tamen
939 4056 1137 4136 praesentiam
1155 4064 1204 4118 est
1218 4055 1265 4116 in-
