2864 4598
309 433 351 490 26
606 439 813 486 vrrlssncrr
829 438 957 484 rnonm
1174 418 1263 498 [an.

310 588 439 653 mandat
454 609 514 652 nec
526 586 649 651 domini
664 606 758 670 papae
773 585 885 650 faciem
899 606 933 647 so
944 584 1096 646 visurum.
1120 581 1264 645 Domino

307 711 403 774 papae
418 686 679 772 archiepiscopus
699 685 860 768 significat
873 687 962 748 nulla
976 685 1100 749 ratione
1116 683 1200 765 regis
1216 682 1263 746 uti

308 789 471 874 colloquio
487 790 556 853 sine
572 790 620 852 sui
635 789 816 873 praesentia,
833 788 885 851 cui
899 808 1003 850 mores
1018 788 1104 850 illius
1123 786 1265 850 hominis

306 892 376 955 noti
390 892 540 955 fuissent:
565 892 585 923 “
601 889 666 954 Sed
682 901 714 954 et
728 891 824 954 citius
839 890 976 974 poterit'’
991 890 1036 953 ait
1049 891 1069 922 “
1085 889 1265 974 apostolica

307 990 528 1058 circumveniri
557 992 669 1074 religio
707 1014 750 1054 ex
781 991 931 1055 varietate
961 992 1129 1053 verborum
1167 990 1264 1070 regis,

307 1096 336 1160 si
365 1117 429 1158 non
460 1095 543 1158 adsit
573 1093 704 1158 sedulus
737 1095 906 1176 interpres,
936 1091 993 1174 qni
1021 1092 1117 1173 regiae
1146 1092 1264 1154 mentis

306 1195 507 1280 propositum
529 1217 570 1259 ex
593 1195 695 1278 ipsius
722 1194 818 1257 animi
848 1192 952 1276 possit
971 1192 1104 1254 latebris
1125 1192 1262 1255 elicere:

307 1308 340 1360 et
358 1297 385 1359 si
402 1317 461 1361 rex
478 1295 654 1359 infirmiora
676 1294 799 1358 domini
820 1315 914 1378 papae
934 1293 1136 1377 praenoverit,
1156 1293 1264 1356 exitus

307 1399 428 1463 viarum
444 1419 571 1462 suarum
588 1401 731 1462 obstruet
746 1397 983 1462 offendiculis.’'
1027 1398 1101 1470 Quo
1116 1404 1264 1479 accept0,

306 1499 470 1565 moderata
494 1500 703 1584 responsione
728 1500 796 1581 regi
819 1499 982 1563 renuntiat
1007 1498 1155 1561 dominus
1176 1518 1271 1581 papa

306 1602 368 1666 hoc
398 1599 578 1664 inauditum
609 1623 629 1664 a
658 1602 796 1676 saeculis,
819 1602 1000 1664 Romanam
1026 1600 1197 1663 ecclesiam
1221 1599 1263 1662 ad

307 1703 443 1788 alicujus
461 1703 616 1788 principis
636 1713 748 1767 nutum
770 1724 964 1787 quemquam
985 1722 1005 1764 a
1025 1722 1083 1764 suo
1099 1701 1261 1764 conductu

306 1806 447 1891 rejicere,
470 1806 609 1869 maxime
632 1827 689 1889 pro
707 1805 835 1890 justitia
858 1806 1063 1869 exulantem:
1092 1804 1151 1866 sed
1174 1812 1206 1866 et
1227 1802 1261 1865 id

306 1908 463 1993 privilegii
493 1917 525 1970 et
554 1909 750 1971 auctoritatis
778 1929 848 1971 esse
878 1906 1037 1969 indultum
1074 1906 1261 1989 apostolicae

306 2011 385 2086 sedi,
401 2022 437 2074 ut
451 2011 603 2074 exulibus
618 2020 651 2074 et
665 2011 828 2095 oppressis
843 2009 1023 2087 subveniat,
1038 2009 1134 2073 etiam
1149 2020 1262 2072 contra

305 2112 488 2195 principum
517 2110 590 2189 iras,
622 2121 654 2174 et
683 2111 840 2176 violentos
870 2112 1009 2194 impetus
1037 2112 1261 2193 malignorum.

305 2214 515 2296 Indignantes
535 2214 632 2296 igitur
650 2215 763 2278 nuncii
784 2225 994 2291 recesserunt,
1010 2214 1081 2277 haec
1096 2213 1162 2295 regi
1179 2235 1261 2278 nuu-

305 2315 429 2380 ciaturi.
474 2316 634 2379 Dominus
649 2337 723 2379 vero
742 2336 828 2399 papa
847 2316 984 2378 Romam
1006 2336 1188 2380 reversurus
1202 2316 1262 2379 iter

304 2418 492 2498 ingreditur,
503 2438 600 2501 quem
617 2421 866 2501 prosequebatur
879 2417 1143 2500 archiepiscopus
1158 2439 1260 2501 usque

304 2520 493 2583 Bituricum.
547 2521 616 2584 Ubi
645 2531 779 2602 accepta
814 2521 943 2583 licentia
973 2529 1006 2584 et
1033 2520 1260 2585 benedictione

303 2621 481 2704 regreditur
494 2622 731 2699 Pontiniacum,
746 2623 882 2706 amplius
899 2622 1021 2687 domini
1036 2646 1130 2709 papae
1145 2624 1260 2687 faciem

303 2723 337 2786 in
354 2745 448 2788 carne
463 2725 523 2788 ista
539 2746 602 2787 non
618 2724 752 2788 visurus.

349 2820 379 2905 ᾧ.
395 2830 448 2891 31.
471 2827 554 2889 Haec
571 2826 678 2911 itaque
693 2826 881 2910 prosequuti
896 2847 1006 2890 sumus
1021 2827 1226 2893 historialiter
1240 2849 1260 2891 a

304 2932 442 2997 concilio
459 2933 499 2997 de
515 2932 721 2997 Clarendona
735 2951 838 3015 usque
852 2931 973 2993 domini
988 2952 1083 3014 papae
1098 2952 1258 2996 recessum

305 3032 344 3096 de
356 3034 500 3112 Francia,
511 3033 554 3098 ad
569 3055 609 3097 ea
624 3055 695 3118 quae
707 3032 834 3095 interim
850 3031 935 3095 facta
950 3041 1025 3094 sunt
1036 3030 1259 3109 dilucidanda3
1351 3079 1352 3082 ,

281 3135 381 3219 ‘quia
403 3135 548 3218 epistolae
569 3137 691 3198 interea
713 3134 840 3216 scriptae
862 3155 928 3195 non
951 3133 996 3196 ita
1019 3153 1169 3220 expresse
1192 3154 1258 3198 rem

302 3243 424 3317 gestam
447 3235 624 3317 explicant·
670 3232 909 3316 subsequentes
930 3255 1004 3296 vero
1027 3233 1171 3316 epistolae
1194 3233 1259 3297 sin·

302 3336 387 3420 gulae
409 3336 475 3398 suis
492 3336 573 3400 locis
592 3336 638 3398 ita
657 3343 733 3397 sunt
752 3334 929 3398 manifestae
949 3355 1051 3418 usque
1072 3334 1113 3397 ad
1134 3335 1258 3400 exitum

303 3436 399 3498 totius
419 3435 552 3515 negotii,
567 3434 655 3517 quod
676 3435 782 3498 minus
802 3435 968 3500 videantur
990 3456 1081 3517 egere
1104 3435 1259 3500 historiali

303 3536 508 3615 adminiculo,
531 3558 569 3600 eo
593 3545 732 3620 excepto
755 3537 844 3620 quod
874 3538 994 3602 facturn
1017 3547 1066 3600 est
1087 3537 1121 3599 in
1144 3542 1256 3618 regum

302 3637 477 3720 colloquio,
495 3637 624 3721 quando
645 3637 767 3701 domini
789 3637 1028 3702 Cantuariensis
1051 3657 1157 3701 causae
1180 3659 1258 3701 exe·

303 3738 389 3802 cutio
405 3758 425 3800 a
440 3736 571 3801 domino
592 3758 678 3822 papa
699 3738 823 3801 Simoni
844 3738 941 3821 priori
961 3737 1000 3801 de
1022 3749 1130 3802 monte
1146 3738 1212 3802 Dei
1226 3748 1259 3801 et

303 3838 467 3904 Bemardo
488 3837 529 3902 de
551 3838 660 3902 Corilo
684 3840 939 3908 commissa-est,
976 3840 1065 3903 Alias
1086 3839 1174 3903 enim
1193 3850 1258 3903 tnr-

301 3943 377 4004 bata
399 3949 448 4003 est
468 3938 558 4022 pacis
580 3939 772 4018 reformatio,
792 3940 867 4023 quia
889 3940 992 4003 noluit
1014 3940 1257 4005 Cantuariensis

300 4044 431 4107 verbum
446 4041 510 4106 hoc
527 4044 586 4106 sub
602 4042 726 4106 silentio
743 4045 850 4108 ‘salvo
863 4042 973 4105 ordine
988 4044 1069 4106 meo’
1086 4043 1257 4126 praeterire,
